@article{ryser,
	Author = {Ryser, H.},
	Journal = {Vortrage \"uber Kombinatorik, Oberwolfach},
	Pages = {69--91},
	Year = {1967},
        Title = {Neuere Probleme in der Kombinatorik}}

@article{Keevash_design,
	Adsnote = {Provided by the SAO/NASA Astrophysics Data System},
	Adsurl = {https://ui.adsabs.harvard.edu/\#abs/2014arXiv1401.3665K},
	Archiveprefix = {arXiv},
	Author = {{Keevash}, Peter},
	Date-Added = {2019-03-06 16:50:02 +0000},
	Date-Modified = {2019-03-06 16:50:02 +0000},
	Eid = {arXiv:1401.3665},
	Eprint = {1401.3665},
	Journal = {arXiv e-prints},
	Keywords = {Mathematics - Combinatorics},
	Month = Jan,
	Pages = {arXiv:1401.3665},
	Primaryclass = {math.CO},
	Title = {{The existence of designs}},
	Year = 2014}

@incollection{santa_claus,
	Author = {Asadpour, Arash and Feige, Uriel and Saberi, Amin},
	Booktitle = {Approximation, randomization and combinatorial optimization},
	Date-Added = {2019-03-06 16:50:02 +0000},
	Date-Modified = {2019-03-06 16:50:02 +0000},
	Doi = {10.1007/978-3-540-85363-3_2},
	Mrclass = {68R10 (05C65 05C70)},
	Mrnumber = {2538773},
	Pages = {10--20},
	Publisher = {Springer, Berlin},
	Series = {Lecture Notes in Comput. Sci.},
	Title = {Santa {C}laus meets hypergraph matchings},
	Url = {https://doi.org/10.1007/978-3-540-85363-3_2},
	Volume = {5171},
	Year = {2008},
	Bdsk-Url-1 = {https://doi.org/10.1007/978-3-540-85363-3_2}}

@article{GKLO,
	Author = {{Glock}, Stefan and {K{\"u}hn}, Daniela and {Lo}, Allan and {Osthus}, Deryk},
	Date-Added = {2019-03-06 16:50:02 +0000},
	Date-Modified = {2019-03-06 16:50:02 +0000},
	Journal = {Mem. Amer. Math. Soc., to appear},
	Title = {{The existence of designs via iterative absorption: hypergraph $F$-designs for arbitrary $F$}},
	Year = 2022}

@article{allen2024robust,
  title={{A robust Corr{\'a}di--Hajnal theorem}},
  author={Allen, Peter and B{\"o}ttcher, Julia and Corsten, Jan and Davies, Ewan and Jenssen, Matthew and Morris, Patrick and Roberts, Barnaby and Skokan, Jozef},
  journal={Random Structures \& Algorithms},
  volume={65},
  number={1},
  pages={61--130},
  year={2024},
  publisher={Wiley Online Library}
}

@article{joos2023robust,
  title={{Robust Hamiltonicity}},
  author={Joos, Felix and Lang, Richard and Sanhueza-Matamala, Nicol{\'a}s},
  journal={arXiv preprint arXiv:2312.15262},
  year={2023}
}

@article{gan2025keevash,
  title={{On the Keevash-Knox-Mycroft conjecture}},
  author={Gan, Luyining and Han, Jie},
  journal={Journal of Combinatorial Theory, Series B},
  volume={174},
  pages={214--242},
  year={2025},
  publisher={Elsevier}
}

@article{han2015near,
  title={{Near perfect matchings in \(k\)-uniform hypergraphs}},
  author={Han, Jie},
  journal={Combinatorics, Probability and Computing},
  volume={24},
  number={5},
  pages={723--732},
  year={2015},
  publisher={Cambridge University Press}
}

@book{molloy2002graph,
  title={{Graph colouring and the probabilistic method}},
  author={Molloy, Michael and Reed, Bruce},
  volume={23},
  year={2002},
  publisher={Springer Science \& Business Media}
}

@article{liebenau2023asymptotic,
  title={{Asymptotic enumeration of graphs by degree sequence, and the degree sequence of a random graph}},
  author={Liebenau, Anita and Wormald, Nick},
  journal={Journal of the European Mathematical Society},
  volume={26},
  number={1},
  pages={1--40},
  year={2023}
}

@article{kang2024perfect,
  title={{Perfect matchings in random sparsifications of Dirac hypergraphs}},
  author={Kang, Dong Yeap and Kelly, Tom and K{\"u}hn, Daniela and Osthus, Deryk and Pfenninger, Vincent},
  journal={Combinatorica},
  pages={1--34},
  year={2024},
  publisher={Springer}
}

@article{glock2021counting,
  title={{Counting Hamilton cycles in Dirac hypergraphs}},
  author={Glock, Stefan and Gould, Stephen and Joos, Felix and K{\"u}hn, Daniela and Osthus, Deryk},
  journal={Combinatorics, Probability and Computing},
  volume={30},
  number={4},
  pages={631--653},
  year={2021},
  publisher={Cambridge University Press}
}

@article{park2024proof,
  title={{A proof of the Kahn--Kalai conjecture}},
  author={Park, Jinyoung and Pham, Huy},
  journal={Journal of the American Mathematical Society},
  volume={37},
  number={1},
  pages={235--243},
  year={2024}
}

@article{kahn2007thresholds,
  title={{Thresholds and expectation thresholds}},
  author={Kahn, Jeff and Kalai, Gil},
  journal={Combinatorics, Probability and Computing},
  volume={16},
  number={3},
  pages={495--502},
  year={2007},
  publisher={Cambridge University Press}
}

@inproceedings{talagrand2010many,
  title={{Are many small sets explicitly small?}},
  author={Talagrand, Michel},
  booktitle={Proceedings of the forty-second ACM symposium on Theory of computing},
  pages={13--36},
  year={2010}
}


@inproceedings{KuehnOsthus2006,
  author    = {Daniela K{\"u}hn and Deryk Osthus},
  title     = {Critical chromatic number and complexity of perfect packings in graphs},
  booktitle = {Proceedings of the 17th ACM-SIAM Symposium on Discrete Algorithms (SODA)},
  pages     = {851--859},
  year      = {2006}
}



@article{komlos2000tiling,
  title={{Tiling tur{\'a}n theorems}},
  author={Koml{\'o}s, J{\'a}nos},
  journal={Combinatorica},
  volume={20},
  pages={203--218},
  year={2000},
  publisher={Bolyai Society--Springer-Verlag}
}

@article{cooley2007perfect,
  title={{Perfect packings with complete graphs minus an edge}},
  author={Cooley, Oliver and K{\"u}hn, Daniela and Osthus, Deryk},
  journal={European Journal of Combinatorics},
  volume={28},
  number={8},
  pages={2143--2155},
  year={2007},
  publisher={Elsevier}
}

@article{komlos2001proof,
  title={{Proof of the Alon--Yuster conjecture}},
  author={Koml{\'o}s, J{\'a}nos and S{\'a}rk{\"o}zy, G{\'a}bor and Szemer{\'e}di, Endre},
  journal={Discrete Mathematics},
  volume={235},
  number={1-3},
  pages={255--269},
  year={2001},
  publisher={Elsevier}
}

@article{alman2024refined,
  title={{A refined laser method and faster matrix multiplication}},
  author={Alman, Josh and Williams, Virginia Vassilevska},
  journal={TheoretiCS},
  volume={3},
  year={2024},
  publisher={Episciences. org}
}

@article{alon1996h,
  title={{\(H\)-factors in dense graphs}},
  author={Alon, Noga and Yuster, Raphael},
  journal={Journal of Combinatorial Theory, Series B},
  volume={66},
  number={2},
  pages={269--282},
  year={1996},
  publisher={Elsevier}
}

@article{johansson2008factors,
  title={{Factors in random graphs}},
  author={Johansson, Anders and Kahn, Jeff and Vu, Van},
  journal={Random Structures \& Algorithms},
  volume={33},
  number={1},
  pages={1--28},
  year={2008},
  publisher={Wiley Online Library}
}

@article{riordan2022random,
  title={{Random cliques in random graphs and sharp thresholds for \(F\)-factors}},
  author={Riordan, Oliver},
  journal={Random Structures \& Algorithms},
  volume={61},
  number={4},
  pages={619--637},
  year={2022},
  publisher={Wiley Online Library}
}

@article{keevash2015geometric,
  author    = {Peter Keevash and Richard Mycroft},
  title     = {{A geometric theory for hypergraph matching}},
  journal   = {Memoirs of the American Mathematical Society},
  volume    = {233},
  number    = {1098},
  year      = {2015},
  publisher = {American Mathematical Society}
}

@article{han2017decision,
  title={{Decision problem for perfect matchings in dense \(k\)-uniform hypergraphs}},
  author={Han, Jie},
  journal={Transactions of the American Mathematical Society},
  volume={369},
  number={7},
  pages={5197--5218},
  year={2017}
}

@article{szymanska2013complexity,
  title={{The complexity of almost perfect matchings and other packing problems in uniform hypergraphs with high codegree}},
  author={Szyma{\'n}ska, Edyta},
  journal={European Journal of Combinatorics},
  volume={34},
  number={3},
  pages={632--646},
  year={2013},
  publisher={Elsevier}
}

@article{karpinski2010computational,
  title={{Computational complexity of the perfect matching problem in hypergraphs with subcritical density}},
  author={Karpi{\'n}ski, Marek and Ruci{\'n}ski, Andrzej and Szyma{\'n}ska, Edyta},
  journal={International Journal of Foundations of Computer Science},
  volume={21},
  number={06},
  pages={905--924},
  year={2010},
  publisher={World Scientific}
}

@article{cuckler2009hamiltonian,
  title={{Hamiltonian cycles in Dirac graphs}},
  author={Cuckler, Bill and Kahn, Jeff},
  journal={Combinatorica},
  volume={29},
  pages={299--326},
  year={2009},
  publisher={Springer}
}

@article{sarkozy2003number,
  title={{On the number of Hamiltonian cycles in Dirac graphs}},
  author={S{\'a}rk{\"o}zy, G{\'a}bor N and Selkow, Stanley M and Szemer{\'e}di, Endre},
  journal={Discrete Mathematics},
  volume={265},
  number={1-3},
  pages={237--250},
  year={2003},
  publisher={Elsevier}
}

@article{krivelevich2014robust,
  title={{Robust Hamiltonicity of Dirac graphs}},
  author={Krivelevich, Michael and Lee, Choongbum and Sudakov, Benny},
  journal={Transactions of the American Mathematical Society},
  volume={366},
  number={6},
  pages={3095--3130},
  year={2014}
}


@article{kirkpatrick1983complexity,
  title={{On the complexity of general graph factor problems}},
  author={Kirkpatrick, David G. and Hell, Pavol},
  journal={SIAM Journal on Computing},
  volume={12},
  number={3},
  pages={601--609},
  year={1983},
  publisher={SIAM}
}

@incollection{karp2009reducibility,
  title={{Reducibility among combinatorial problems}},
  author={Karp, Richard M},
  booktitle={50 Years of Integer Programming 1958-2008: from the Early Years to the State-of-the-Art},
  pages={219--241},
  year={2009},
  publisher={Springer}
}

@article{edmonds1965paths,
  title={{Paths, trees, and flowers}},
  author={Edmonds, Jack},
  journal={Canadian Journal of mathematics},
  volume={17},
  pages={449--467},
  year={1965},
  publisher={Cambridge University Press}
}

@article{tutte1947factorization,
  title={{The factorization of linear graphs}},
  author={Tutte, William T},
  journal={Journal of the London Mathematical Society},
  volume={1},
  number={2},
  pages={107--111},
  year={1947},
  publisher={Wiley Online Library}
}

@article{rodl2009perfect,
  title={{Perfect matchings in large uniform hypergraphs with large minimum collective degree}},
  author={R{\"o}dl, Vojtech and Ruci{\'n}ski, Andrzej and Szemer{\'e}di, Endre},
  journal={Journal of Combinatorial Theory, Series A},
  volume={116},
  number={3},
  pages={613--636},
  year={2009},
  publisher={Elsevier}
}

@article{ferber2022dirac,
  title={{Dirac-type theorems in random hypergraphs}},
  author={Ferber, Asaf and Kwan, Matthew},
  journal={Journal of Combinatorial Theory, Series B},
  volume={155},
  pages={318--357},
  year={2022},
  publisher={Elsevier}
}

@article{shokoufandeh2003proof,
  title={{Proof of a tiling conjecture of Koml{\'o}s}},
  author={Shokoufandeh, Ali and Zhao, Yi},
  journal={Random Structures \& Algorithms},
  volume={23},
  number={2},
  pages={180--205},
  year={2003},
  publisher={Wiley Online Library}
}

@article{ghouila1960condition,
  title={{Une condition suffisante d'existence d'un circuit hamiltonien}},
  author={Ghouila-Houri, Alain},
  journal={Comptes Rendus de l'Acad{\'e}mie des Sciences Paris},
  volume={251},
  pages={495--497},
  year={1960}
}

@inproceedings{keevash2013polynomial,
  title={{Polynomial-time perfect matchings in dense hypergraphs}},
  author={Keevash, Peter and Knox, Fiachra and Mycroft, Richard},
  booktitle={Proceedings of the forty-fifth annual ACM symposium on Theory of Computing},
  pages={311--320},
  year={2013}
}

@article{liebenau2017asymptotic,
  title={{Asymptotic enumeration of graphs by degree sequence, and the degree sequence of a random graph}},
  author={Liebenau, Anita and Wormald, Nick},
  journal={arXiv preprint arXiv:1702.08373},
  year={2017}
}

@article{erdos1964extremal,
  title={{On extremal problems of graphs and generalized graphs}},
  author={Erd{\H{o}}s, Paul},
  journal={Israel Journal of Mathematics},
  volume={2},
  number={3},
  pages={183--190},
  year={1964},
  publisher={Springer}
}

@article{han2020complexity,
  title={{The complexity of perfect matchings and packings in dense hypergraphs}},
  author={Han, Jie and Treglown, Andrew},
  journal={Journal of Combinatorial Theory, Series B},
  volume={141},
  pages={72--104},
  year={2020},
  publisher={Elsevier}
}

@article{lo2015f,
  title={{\(F\)-factors in hypergraphs via absorption}},
  author={Lo, Allan and Markstr{\"o}m, Klas},
  journal={Graphs and Combinatorics},
  volume={31},
  pages={679--712},
  year={2015},
  publisher={Springer}
}


@inproceedings{han2020finding,
author = {Jie Han and Peter Keevash},
title = {Finding perfect matchings in dense hypergraphs},
booktitle = {Proceedings of the 2020 ACM-SIAM Symposium on Discrete Algorithms (SODA)},
year = {2020},
pages = {2366-2377}
}


@article{pham2022toolkit,
  title={{A toolkit for robust thresholds}},
  author={Pham, Huy Tuan and Sah, Ashwin and Sawhney, Mehtaab and Simkin, Michael},
  journal={arXiv preprint arXiv:2210.03064},
  year={2022}
}


@article{komlos1998proof,
  title={{Proof of the Seymour conjecture for large graphs}},
  author={Koml{\'o}s, J{\'a}nos and S{\'a}rk{\"o}zy, G{\'a}bor N and Szemer{\'e}di, Endre},
  journal={Annals of Combinatorics},
  volume={2},
  pages={43--60},
  year={1998},
  publisher={Springer}
}




@article{frankston2021thresholds,
  title={{Thresholds versus fractional expectation-thresholds}},
  author={Frankston, Keith and Kahn, Jeff and Narayanan, Bhargav and Park, Jinyoung},
  journal={Annals of Mathematics},
  volume={194},
  number={2},
  pages={475--495},
  year={2021},
  publisher={Department of Mathematics, Princeton University Princeton, New Jersey, USA}
}

@article{ferber2023counting,
  title={{Counting Hamilton cycles in Dirac hypergraphs}},
  author={Ferber, Asaf and Hardiman, Liam and Mond, Adva},
  journal={Combinatorica},
  volume={43},
  number={4},
  pages={665--680},
  year={2023},
  publisher={Springer}
}


@article{mcdiarmid1989method,
  title={{On the method of bounded differences}},
  author={McDiarmid, Colin and others},
  journal={Surveys in combinatorics},
  volume={141},
  number={1},
  pages={148--188},
  year={1989},
  publisher={Norwich}
}

@article{kelly2024optimal,
  title={{Optimal spread for spanning subgraphs of Dirac hypergraphs}},
  author={Kelly, Tom and M{\"u}yesser, Alp and Pokrovskiy, Alexey},
  journal={Journal of Combinatorial Theory, Series B},
  volume={169},
  pages={507--541},
  year={2024},
  publisher={Elsevier}
}