@article{inchiostro2022moduli,
  title={Moduli of genus one curves with two marked points as a weighted blow-up},
  author={Inchiostro, Giovanni},
  journal={Mathematische Zeitschrift},
  volume={302},
  number={3},
  pages={1905--1925},
  year={2022},
  publisher={Springer}
}

@article{vistoli2004notes,
  title={Notes on Grothendieck topologies, fibered categories and descent theory},
  author={Vistoli, Angelo},
  journal={arXiv preprint math/0412512},
  year={2004}
}

@article{gille2024loop,
  title={Loop torsors. Theory and applications},
  author={Gille, Philippe and Chernousov, Vladimir and Pianzola, Arturo},
  journal={arXiv preprint arXiv:2412.07294},
  year={2024}
}

@misc{achenjang,
  bibtex_show = {true},
  title = {On Brauer groups of tame stacks},
  author = {Achenjang, Niven},
  year = {2024},
  eprint = {2410.06217},
  archiveprefix = {arXiv},
  primaryclass = {math.AG},
  url = {https://arxiv.org/abs/2410.06217},
  selected = {true},
  arxiv = {2410.06217},
  journal = {arxiv}
}

@misc{sheng2024nonabelianhodgecorrespondenceprincipal,
      title={A Nonabelian Hodge Correspondence for Principal Bundles in Positive Characteristic}, 
      author={Mao Sheng and Hao Sun and Jianping Wang},
      year={2024},
      eprint={2405.09947},
      archivePrefix={arXiv},
      primaryClass={math.AG},
      url={https://arxiv.org/abs/2405.09947}, 
}

@article {pappas_rapoport,
    AUTHOR = {Pappas, Georgios and Rapoport, Michael},
     TITLE = {On tamely ramified {$\mathcal{G}$}-bundles on curves},
      NOTE = {With an appendix by Brian Conrad},
   JOURNAL = {Algebr. Geom.},
  FJOURNAL = {Algebraic Geometry},
    VOLUME = {11},
      YEAR = {2024},
    NUMBER = {6},
     PAGES = {796--829},
      ISSN = {2313-1691,2214-2584},
   MRCLASS = {14L15 (14D23 20G35 20J06)},
  MRNUMBER = {4819392},
}

@article {balaji_seshadri,
    AUTHOR = {Balaji, V. and Seshadri, C. S.},
     TITLE = {Moduli of parahoric {$\mathscr{G}$}-torsors on a compact {R}iemann
              surface},
   JOURNAL = {J. Algebraic Geom.},
  FJOURNAL = {Journal of Algebraic Geometry},
    VOLUME = {24},
      YEAR = {2015},
    NUMBER = {1},
     PAGES = {1--49},
      ISSN = {1056-3911,1534-7486},
   MRCLASS = {14D22 (14H10 20H10)},
  MRNUMBER = {3275653},
MRREVIEWER = {Usha\ N.\ Bhosle},
       DOI = {10.1090/S1056-3911-2014-00626-3},
       URL = {https://doi.org/10.1090/S1056-3911-2014-00626-3},
}

@book{olsson2016algebraic,
  title={Algebraic spaces and stacks},
  author={Olsson, Martin},
  volume={62},
  year={2016},
  publisher={American Mathematical Soc.}
}

@misc{martens2015,
      title={Variations on a theme of {G}rothendieck}, 
      author={Johan Martens and Michael Thaddeus},
      year={2015},
      eprint={1210.8161},
      archivePrefix={arXiv},
      primaryClass={math.AG},
      url={https://arxiv.org/abs/1210.8161}, 
}

 @book {serre1979galois,
    AUTHOR = {Serre, Jean-Pierre},
     TITLE = {Galois cohomology},
      NOTE = {Translated from the French by Patrick Ion and revised by the
              author},
 PUBLISHER = {Springer-Verlag, Berlin},
      YEAR = {1997},
     PAGES = {x+210},
      ISBN = {3-540-61990-9},
   MRCLASS = {12G05 (11R34)},
  MRNUMBER = {1466966},
       DOI = {10.1007/978-3-642-59141-9},
       URL = {https://doi-org.offcampus.lib.washington.edu/10.1007/978-3-642-59141-9},
}
@article {AbramovichVistoli,
    AUTHOR = {Abramovich, Dan and Vistoli, Angelo},
     TITLE = {Compactifying the space of stable maps},
   JOURNAL = {J. Amer. Math. Soc.},
  FJOURNAL = {Journal of the American Mathematical Society},
    VOLUME = {15},
      YEAR = {2002},
    NUMBER = {1},
     PAGES = {27--75},
      ISSN = {0894-0347,1088-6834},
   MRCLASS = {14H10 (14A20 14D20 14N35)},
  MRNUMBER = {1862797},
MRREVIEWER = {Tyler\ J.\ Jarvis},
       DOI = {10.1090/S0894-0347-01-00380-0},
       URL = {https://doi.org/10.1090/S0894-0347-01-00380-0},
}


@ARTICLE{AbramovichTemkinWlodarczyk,
       author = {{Abramovich}, Dan and {Temkin}, Michael and {W{\l}odarczyk}, Jaros{\l}aw},
        title = "{Functorial embedded resolution via weighted blowings up}",
      journal = {arXiv e-prints},
     keywords = {Mathematics - Algebraic Geometry, 14E15, 14A20, 14M25},
         year = 2019,
        month = jun,
          eid = {arXiv:1906.07106},
        pages = {arXiv:1906.07106},
archivePrefix = {arXiv},
       eprint = {1906.07106},
 primaryClass = {math.AG},
       adsurl = {https://ui.adsabs.harvard.edu/abs/2019arXiv190607106A},
      adsnote = {Provided by the SAO/NASA Astrophysics Data System}
}


@article {AbramovichTemkinWlodarczyk2,
    AUTHOR = {Abramovich, Dan and Temkin, Michael and W\l odarczyk, Jaros\l aw},
     TITLE = {Principalization of ideals on toroidal orbifolds},
   JOURNAL = {J. Eur. Math. Soc. (JEMS)},
  FJOURNAL = {Journal of the European Mathematical Society (JEMS)},
    VOLUME = {22},
      YEAR = {2020},
    NUMBER = {12},
     PAGES = {3805--3866},
      ISSN = {1435-9855},
   MRCLASS = {14E15 (14A20 14A21)},
  MRNUMBER = {4176781},
MRREVIEWER = {Ana Bravo},
       DOI = {10.4171/jems/997},
       URL = {https://doi.org/10.4171/jems/997},
}


@ARTICLE{AbramovichQuekLogRes,
       author = {{Abramovich}, Dan and {Quek}, Ming Hao},
        title = "{Logarithmic resolution via multi-weighted blow-ups}",
      journal = {arXiv e-prints},
     keywords = {Mathematics - Algebraic Geometry, 14E15, 14A20, 14M25},
         year = 2019,
        month = jun,
          eid = {arXiv:1906.07106},
        pages = {arXiv:1906.07106},
archivePrefix = {arXiv},
       eprint = {1906.07106},
 primaryClass = {math.AG},
       adsurl = {https://ui.adsabs.harvard.edu/abs/2019arXiv190607106A},
      adsnote = {Provided by the SAO/NASA Astrophysics Data System}
}




@article {Alper,
    AUTHOR = {Alper, Jarod},
     TITLE = {Good moduli spaces for {A}rtin stacks},
   JOURNAL = {Ann. Inst. Fourier (Grenoble)},
  FJOURNAL = {Universit\'{e} de Grenoble. Annales de l'Institut Fourier},
    VOLUME = {63},
      YEAR = {2013},
    NUMBER = {6},
     PAGES = {2349--2402},
      ISSN = {0373-0956},
   MRCLASS = {14D23 (14L24 14L30)},
  MRNUMBER = {3237451},
MRREVIEWER = {Arvid Siqveland},
       URL = {http://aif.cedram.org/item?id=AIF_2013__63_6_2349_0},
}
@inproceedings{abramovich2011stable,
  title={Stable varieties with a twist},
  author={Abramovich, Dan and Hassett, Brendan},
  booktitle={Classification of algebraic varieties},
  pages={1--38},
  year={2011}
}

@article {AHRLuna,
    AUTHOR = {Alper, Jarod and Hall, Jack and Rydh, David},
     TITLE = {A {L}una \'{e}tale slice theorem for algebraic stacks},
   JOURNAL = {Ann. of Math. (2)},
  FJOURNAL = {Annals of Mathematics. Second Series},
    VOLUME = {191},
      YEAR = {2020},
    NUMBER = {3},
     PAGES = {675--738},
      ISSN = {0003-486X,1939-8980},
   MRCLASS = {14D23 (14A20 14F20 14L24 14L30)},
  MRNUMBER = {4088350},
MRREVIEWER = {Martin\ Ulirsch},
       DOI = {10.4007/annals.2020.191.3.1},
       URL = {https://doi.org/10.4007/annals.2020.191.3.1},
}


@ARTICLE{AHRetalelocal,
       author = {Alper, Jarod and Hall, Jack and Rydh, David},
        title = "{The \'etale local structure of algebraic stacks}",
      journal = {arXiv e-prints},
     keywords = {Mathematics - Algebraic Geometry},
         year = 2025,
        month = apr,
          eid = {https://arxiv.org/pdf/1912.06162.pdf},
        pages = {https://arxiv.org/pdf/1912.06162.pdf},
archivePrefix = {arXiv},
       eprint = {https://arxiv.org/pdf/1912.06162.pdf},
 primaryClass = {math.AG},
}



@article{AHLH,
  title={Existence of moduli spaces for algebraic stacks},
  author={Alper, Jarod and Halpern-Leistner, Daniel and Heinloth, Jochen},
  journal={Inventiones mathematicae},
  volume={234},
  number={3},
  pages={949--1038},
  year={2023},
  publisher={Springer}
}



@ARTICLE{AHHLR,
       author = {Alper, Jarod and Hall, Jack and Halpern-Leistner, Daniel and Rydh, David},
        title = "{Artin algebraization for pairs with applications to the local structure of stacks and {F}errand pushouts}",
      journal = {arXiv e-prints},
     keywords = {Mathematics - Algebraic Geometry},
         year = 2022,
        month = may,
          eid = {arXiv:2205.08623},
        pages = {arXiv:2205.08623},
archivePrefix = {arXiv},
       eprint = {2205.08623},
 primaryClass = {math.AG},
}


@article {Alperadequate,
    AUTHOR = {Alper, Jarod},
     TITLE = {Adequate moduli spaces and geometrically reductive group
              schemes},
   JOURNAL = {Algebr. Geom.},
  FJOURNAL = {Algebraic Geometry},
    VOLUME = {1},
      YEAR = {2014},
    NUMBER = {4},
     PAGES = {489--531},
      ISSN = {2313-1691,2214-2584},
   MRCLASS = {14D20 (14A20 14L15 14L24 14L30)},
  MRNUMBER = {3272912},
MRREVIEWER = {Fabio\ Tonini},
       DOI = {10.14231/AG-2014-022},
       URL = {https://doi.org/10.14231/AG-2014-022},
}


@ARTICLE{ABBDILW,
       author = {Ascher, Kenneth and Bejleri, Dori and Blum, Harold and DeVleming, Kristin and Inchiostro, Giovanni and Liu, Yuchen and Wang, Xiaowei},
        title = "{{M}oduli of boundary polarized {C}alabi-{Y}au pairs}",
      journal = {arXiv e-prints},
     keywords = {Mathematics - Algebraic Geometry},
         year = 2023,
        month = jul,
          eid = {arXiv:2307.06522},
        pages = {arXiv:2307.06522},
archivePrefix = {arXiv},
       eprint = {2307.06522},
 primaryClass = {math.AG},
}

@misc{blum2024goodmodulispacesboundary,
      title={Good moduli spaces for boundary polarized Calabi-Yau surface pairs}, 
      author={Harold Blum and Yuchen Liu},
      year={2024},
      eprint={2407.00850},
      archivePrefix={arXiv},
      primaryClass={math.AG},
      url={https://arxiv.org/abs/2407.00850}, 
}

@misc{groechenig2025twistedpointsquotientstacks,
      title={Twisted points of quotient stacks, integration and BPS-invariants}, 
      author={Michael Groechenig and Dimitri Wyss and Paul Ziegler},
      year={2025},
      eprint={2409.17358},
      archivePrefix={arXiv},
      primaryClass={math.AG},
      url={https://arxiv.org/abs/2409.17358}, 
}

@article {ed_stacks,
    AUTHOR = {Brosnan, Patrick and Reichstein, Zinovy and Vistoli, Angelo},
     TITLE = {Essential dimension of moduli of curves and other algebraic
              stacks},
      NOTE = {With an appendix by Najmuddin Fakhruddin},
   JOURNAL = {J. Eur. Math. Soc. (JEMS)},
  FJOURNAL = {Journal of the European Mathematical Society (JEMS)},
    VOLUME = {13},
      YEAR = {2011},
    NUMBER = {4},
     PAGES = {1079--1112},
      ISSN = {1435-9855,1435-9863},
   MRCLASS = {14D23 (14H10 14K10)},
  MRNUMBER = {2800485},
MRREVIEWER = {Jack\ Hall},
       DOI = {10.4171/JEMS/276},
       URL = {https://doi.org/10.4171/JEMS/276},
}

@article {BV2,
    AUTHOR = {Bresciani, Giulio and Vistoli, Angelo},
     TITLE = {Fields of moduli and the arithmetic of tame quotient
              singularities},
   JOURNAL = {Compos. Math.},
  FJOURNAL = {Compositio Mathematica},
    VOLUME = {160},
      YEAR = {2024},
    NUMBER = {5},
     PAGES = {982--1003},
      ISSN = {0010-437X,1570-5846},
   MRCLASS = {14D10 (14D22 14J20)},
  MRNUMBER = {4723349},
       DOI = {10.1112/S0010437X2400705X},
       URL = {https://doi.org/10.1112/S0010437X2400705X},
}

@article {AOV,
    AUTHOR = {Abramovich, Dan and Olsson, Martin and Vistoli, Angelo},
     TITLE = {Twisted stable maps to tame {A}rtin stacks},
   JOURNAL = {J. Algebraic Geom.},
  FJOURNAL = {Journal of Algebraic Geometry},
    VOLUME = {20},
      YEAR = {2011},
    NUMBER = {3},
     PAGES = {399--477},
      ISSN = {1056-3911,1534-7486},
   MRCLASS = {14D23},
  MRNUMBER = {2786662},
MRREVIEWER = {Hsian-Hua\ Tseng},
       DOI = {10.1090/S1056-3911-2010-00569-3},
       URL = {https://doi.org/10.1090/S1056-3911-2010-00569-3},
}

@article {MV,
    AUTHOR = {Hall, Jack and Rydh, David},
     TITLE = {Mayer-{V}ietoris squares in algebraic geometry},
   JOURNAL = {J. Lond. Math. Soc. (2)},
  FJOURNAL = {Journal of the London Mathematical Society. Second Series},
    VOLUME = {107},
      YEAR = {2023},
    NUMBER = {5},
     PAGES = {1583--1612},
      ISSN = {0024-6107,1469-7750},
   MRCLASS = {14A20 (13F40 14F08 14F20)},
  MRNUMBER = {4585296},
MRREVIEWER = {Ariyan\ Javanpeykar},
       DOI = {10.1112/jlms.12575},
       URL = {https://doi.org/10.1112/jlms.12575},
}

@book {borel,
    AUTHOR = {Borel, Armand},
     TITLE = {Linear algebraic groups},
    SERIES = {Graduate Texts in Mathematics},
    VOLUME = {126},
   EDITION = {Second},
 PUBLISHER = {Springer-Verlag, New York},
      YEAR = {1991},
     PAGES = {xii+288},
      ISBN = {0-387-97370-2},
   MRCLASS = {20-01 (20Gxx)},
  MRNUMBER = {1102012},
MRREVIEWER = {F.\ D.\ Veldkamp},
       DOI = {10.1007/978-1-4612-0941-6},
       URL = {https://doi.org/10.1007/978-1-4612-0941-6},
}



@article {BallardFaveroKatzarkov,
    AUTHOR = {Ballard, Matthew and Favero, David and Katzarkov, Ludmil},
     TITLE = {Variation of geometric invariant theory quotients and derived
              categories},
   JOURNAL = {J. Reine Angew. Math.},
  FJOURNAL = {Journal f\"{u}r die Reine und Angewandte Mathematik. [Crelle's
              Journal]},
    VOLUME = {746},
      YEAR = {2019},
     PAGES = {235--303},
      ISSN = {0075-4102},
   MRCLASS = {14F05 (14J33 14L24)},
  MRNUMBER = {3895631},
MRREVIEWER = {Richard P. Thomas},
       DOI = {10.1515/crelle-2015-0096},
       URL = {https://doi.org/10.1515/crelle-2015-0096},
}




@book {Balwe,
    AUTHOR = {Balwe, Chetan T.},
     TITLE = {Geometric motivic integration on {A}rtin {N}-stacks},
      NOTE = {Thesis (Ph.D.)--University of Pittsburgh},
 PUBLISHER = {ProQuest LLC, Ann Arbor, MI},
      YEAR = {2008},
     PAGES = {112},
      ISBN = {978-0549-89508-4},
   MRCLASS = {Thesis},
  MRNUMBER = {2712505},
       URL =
              {http://gateway.proquest.com/openurl?url_ver=Z39.88-2004&rft_val_fmt=info:ofi/fmt:kev:mtx:dissertation&res_dat=xri:pqdiss&rft_dat=xri:pqdiss:3335718},
}




@incollection {Batyrev1998,
    AUTHOR = {Batyrev, Victor V.},
     TITLE = {Stringy {H}odge numbers of varieties with {G}orenstein
              canonical singularities},
 BOOKTITLE = {Integrable systems and algebraic geometry ({K}obe/{K}yoto,
              1997)},
     PAGES = {1--32},
 PUBLISHER = {World Sci. Publ., River Edge, NJ},
      YEAR = {1998},
   MRCLASS = {14J32 (14B05 14M25)},
  MRNUMBER = {1672108},
}

@article {Batyrev99,
    AUTHOR = {Batyrev, Victor V.},
     TITLE = {Non-{A}rchimedean integrals and stringy {E}uler numbers of
              log-terminal pairs},
   JOURNAL = {J. Eur. Math. Soc. (JEMS)},
  FJOURNAL = {Journal of the European Mathematical Society (JEMS)},
    VOLUME = {1},
      YEAR = {1999},
    NUMBER = {1},
     PAGES = {5--33},
      ISSN = {1435-9855},
   MRCLASS = {14E30 (14E15 32S35)},
  MRNUMBER = {1677693},
       DOI = {10.1007/PL00011158},
       URL = {https://doi.org/10.1007/PL00011158},
}

@book{kollar2013singularities,
  title={Singularities of the minimal model program},
  author={Koll{\'a}r, J{\'a}nos},
  volume={200},
  year={2013},
  publisher={Cambridge University Press}
}

@article {BMlocal,
    AUTHOR = {Bayer, Arend and Macr\`\i , Emanuele},
     TITLE = {The space of stability conditions on the local projective
              plane},
   JOURNAL = {Duke Math. J.},
  FJOURNAL = {Duke Mathematical Journal},
    VOLUME = {160},
      YEAR = {2011},
    NUMBER = {2},
     PAGES = {263--322},
      ISSN = {0012-7094},
   MRCLASS = {14F05 (14J33 14N35 18E30)},
  MRNUMBER = {2852118},
MRREVIEWER = {Pawel Sosna},
       DOI = {10.1215/00127094-1444249},
       URL = {https://doi-org.proxy.lib.uwaterloo.ca/10.1215/00127094-1444249},
}


@article {BMstabiility,
    AUTHOR = {Bayer, Arend and Macr\`\i , Emanuele and Stellari, Paolo},
     TITLE = {The space of stability conditions on abelian threefolds, and
              on some {C}alabi-{Y}au threefolds},
   JOURNAL = {Invent. Math.},
  FJOURNAL = {Inventiones Mathematicae},
    VOLUME = {206},
      YEAR = {2016},
    NUMBER = {3},
     PAGES = {869--933},
      ISSN = {0020-9910},
   MRCLASS = {14F05 (14J32 14K05 18E30)},
  MRNUMBER = {3573975},
MRREVIEWER = {Colin Diemer},
       DOI = {10.1007/s00222-016-0665-5},
       URL = {https://doi-org.proxy.lib.uwaterloo.ca/10.1007/s00222-016-0665-5},
}

@article {Bhatt2012,
    AUTHOR = {Bhatt, Bhargav},
     TITLE = {Annihilating the cohomology of group schemes},
   JOURNAL = {Algebra Number Theory},
  FJOURNAL = {Algebra \& Number Theory},
    VOLUME = {6},
      YEAR = {2012},
    NUMBER = {7},
     PAGES = {1561--1577},
      ISSN = {1937-0652,1944-7833},
   MRCLASS = {14L15 (13H10 14F20 14K05)},
  MRNUMBER = {3007159},
MRREVIEWER = {Andy\ R.\ Magid},
       DOI = {10.2140/ant.2012.6.1561},
       URL = {https://doi.org/10.2140/ant.2012.6.1561},
}

@article {CCIT,
    AUTHOR = {Coates, Tom and Corti, Alessio and Iritani, Hiroshi and Tseng,
              Hsian-Hua},
     TITLE = {Computing genus-zero twisted {G}romov-{W}itten invariants},
   JOURNAL = {Duke Math. J.},
  FJOURNAL = {Duke Mathematical Journal},
    VOLUME = {147},
      YEAR = {2009},
    NUMBER = {3},
     PAGES = {377--438},
      ISSN = {0012-7094},
   MRCLASS = {14N35 (53D45 57R18)},
  MRNUMBER = {2510741},
MRREVIEWER = {Yunfeng Jiang},
       DOI = {10.1215/00127094-2009-015},
       URL = {https://doi-org.proxy.lib.uwaterloo.ca/10.1215/00127094-2009-015},
}

@article {CCITtoric,
    AUTHOR = {Coates, Tom and Corti, Alessio and Iritani, Hiroshi and Tseng,
              Hsian-Hua},
     TITLE = {A mirror theorem for toric stacks},
   JOURNAL = {Compos. Math.},
  FJOURNAL = {Compositio Mathematica},
    VOLUME = {151},
      YEAR = {2015},
    NUMBER = {10},
     PAGES = {1878--1912},
      ISSN = {0010-437X},
   MRCLASS = {14N35 (14A20 14J33 14M25 53D45)},
  MRNUMBER = {3414388},
MRREVIEWER = {Ruifang Song},
       DOI = {10.1112/S0010437X15007356},
       URL = {https://doi-org.proxy.lib.uwaterloo.ca/10.1112/S0010437X15007356},
}

@article {CIJ,
    AUTHOR = {Coates, Tom and Iritani, Hiroshi and Jiang, Yunfeng},
     TITLE = {The crepant transformation conjecture for toric complete
              intersections},
   JOURNAL = {Adv. Math.},
  FJOURNAL = {Advances in Mathematics},
    VOLUME = {329},
      YEAR = {2018},
     PAGES = {1002--1087},
      ISSN = {0001-8708},
   MRCLASS = {14N35 (14A20 14E16 14F06 53D45)},
  MRNUMBER = {3783433},
MRREVIEWER = {Jie Zhou},
       DOI = {10.1016/j.aim.2017.11.017},
       URL = {https://doi-org.proxy.lib.uwaterloo.ca/10.1016/j.aim.2017.11.017},
}
@article{edidin2001brauer,
  title={Brauer groups and quotient stacks},
  author={Edidin, Dan and Hassett, Brendan and Kresch, Andrew and Vistoli, Angelo},
  journal={American Journal of Mathematics},
  volume={123},
  number={4},
  pages={761--777},
  year={2001},
  publisher={Johns Hopkins University Press}
}
@book{milne1980etale,
  title={Etale cohomology (PMS-33)},
  author={Milne, James S},
  year={1980},
  publisher={Princeton university press}
}
@article{lieblich2009functorial,
  title={Functorial reconstruction theorems for stacks},
  author={Lieblich, Max and Osserman, Brian},
  journal={Journal of Algebra},
  volume={322},
  number={10},
  pages={3499--3541},
  year={2009},
  publisher={Elsevier}
}
@incollection {MR244270,
    AUTHOR = {Grothendieck, Alexander},
     TITLE = {Le groupe de {B}rauer. {II}. {T}h\'eorie cohomologique},
 BOOKTITLE = {Dix expos\'es sur la cohomologie des sch\'emas},
    SERIES = {Adv. Stud. Pure Math.},
    VOLUME = {3},
     PAGES = {67--87},
 PUBLISHER = {North-Holland, Amsterdam},
      YEAR = {1968},
   MRCLASS = {14F22},
  MRNUMBER = {244270},
MRREVIEWER = {James\ Milne},
}
@article{rydh2011etale,
  title={{\'E}tale d{\'e}vissage, descent and pushouts of stacks},
  author={Rydh, David},
  journal={Journal of Algebra},
  volume={331},
  number={1},
  pages={194--223},
  year={2011},
  publisher={Elsevier}
}
@article{bate2017cocharacter,
  title={Cocharacter-closure and the rational {H}ilbert--{M}umford theorem},
  author={Bate, Michael and Herpel, Sebastian and Martin, Benjamin and R{\"o}hrle, Gerhard},
  journal={Mathematische Zeitschrift},
  volume={287},
  pages={39--72},
  year={2017},
  publisher={Springer}
}

@article {ConradKM,
    AUTHOR = {Conrad, Brian},
     TITLE = {Arithmetic moduli of generalized elliptic curves},
   JOURNAL = {J. Inst. Math. Jussieu},
  FJOURNAL = {Journal of the Institute of Mathematics of Jussieu. JIMJ.
              Journal de l'Institut de Math\'{e}matiques de Jussieu},
    VOLUME = {6},
      YEAR = {2007},
    NUMBER = {2},
     PAGES = {209--278},
      ISSN = {1474-7480,1475-3030},
   MRCLASS = {11G18 (11F25 14G22)},
  MRNUMBER = {2311664},
MRREVIEWER = {Mihran\ Papikian},
       DOI = {10.1017/S1474748006000089},
       URL = {https://doi.org/10.1017/S1474748006000089},
}
@article{serre2010bounds,
  title={Bounds for the orders of the finite subgroups of {$G$}(k)},
  author={Serre, Jean-Pierre},
  journal={arXiv preprint arXiv:1011.0346},
  year={2010}
}


@article{lieblich2008twisted,
  title={Twisted sheaves and the period-index problem},
  author={Lieblich, Max},
  journal={Compositio Mathematica},
  volume={144},
  number={1},
  pages={1--31},
  year={2008},
  publisher={London Mathematical Society}
}

@article{colliot1987principal,
  title={Principal homogeneous spaces under flasque tori: applications},
  author={Colliot-Th{\'e}l{\`e}ne, Jean-Louis and Sansuc, Jean-Jacques},
  journal={Journal of algebra},
  volume={106},
  number={1},
  pages={148--205},
  year={1987},
  publisher={Academic Press}
}

@inproceedings{alper2024artin,
  title={Artin algebraization for pairs with applications to the local structure of stacks and Ferrand pushouts},
  author={Alper, Jarod and Hall, Jack and Halpern-Leistner, Daniel and Rydh, David},
  booktitle={Forum of Mathematics, Sigma},
  volume={12},
  pages={e20},
  year={2024},
  organization={Cambridge University Press}
}

@article{kempf1978instability,
  title={Instability in invariant theory},
  author={Kempf, George R},
  journal={Annals of Mathematics},
  volume={108},
  number={2},
  pages={299--316},
  year={1978},
  publisher={JSTOR}
}

@article{grothendieck1968groupe,
  title={Le groupe de Brauer. II. Th{\'e}orie cohomologique},
  author={Grothendieck, Alexander},
  journal={Dix expos{\'e}s sur la cohomologie des sch{\'e}mas},
  volume={3},
  pages={67--87},
  year={1968},
  publisher={North-Holland Amsterdam}
}
@article {Douai,
    AUTHOR = {Douai, Jean-Claude},
     TITLE = {{$2$}-cohomologie galoisienne des groupes semi-simples
              d\'{e}finis sur les corps locaux},
   JOURNAL = {C. R. Acad. Sci. Paris S\'{e}r. A-B},
  FJOURNAL = {Comptes Rendus Hebdomadaires des S\'{e}ances de l'Acad\'{e}mie
              des Sciences. S\'{e}ries A et B},
    VOLUME = {280},
      YEAR = {1975},
    NUMBER = {6},
     PAGES = {Aii, A321--A323},
      ISSN = {0151-0509},
   MRCLASS = {12B20 (14F99 14L25 20G25)},
  MRNUMBER = {401713},
MRREVIEWER = {Michiel\ Hazewinkel},
}

@article {giraud,
    AUTHOR = {Giraud, Jean},
     TITLE = {Cohomologie non ab\'{e}lienne; pr\'{e}liminaires},
   JOURNAL = {C. R. Acad. Sci. Paris},
  FJOURNAL = {Comptes Rendus Hebdomadaires des S\'{e}ances de l'Acad\'{e}mie
              des Sciences},
    VOLUME = {260},
      YEAR = {1965},
     PAGES = {2392--2394},
      ISSN = {0001-4036},
   MRCLASS = {18.20 (14.55)},
  MRNUMBER = {201489},
}

@article{bresciani2024arithmetic,
  title={An arithmetic valuative criterion for proper maps of tame algebraic stacks},
  author={Bresciani, Giulio and Vistoli, Angelo},
  journal={manuscripta mathematica},
  volume={173},
  number={3},
  pages={1061--1071},
  year={2024},
  publisher={Springer}
}

@article {DTCRC,
    AUTHOR = {Beentjes, Sjoerd Viktor and Calabrese, John and Rennemo,
              J\o rgen Vold},
     TITLE = {A proof of the {D}onaldson-{T}homas crepant resolution
              conjecture},
   JOURNAL = {Invent. Math.},
  FJOURNAL = {Inventiones Mathematicae},
    VOLUME = {229},
      YEAR = {2022},
    NUMBER = {2},
     PAGES = {451--562},
      ISSN = {0020-9910},
   MRCLASS = {14N35 (14J32)},
  MRNUMBER = {4448990},
       DOI = {10.1007/s00222-022-01109-w},
       URL = {https://doi-org.proxy.lib.uwaterloo.ca/10.1007/s00222-022-01109-w},
}

@article {BCY,
    AUTHOR = {Bryan, Jim and Cadman, Charles and Young, Ben},
     TITLE = {The orbifold topological vertex},
   JOURNAL = {Adv. Math.},
  FJOURNAL = {Advances in Mathematics},
    VOLUME = {229},
      YEAR = {2012},
    NUMBER = {1},
     PAGES = {531--595},
      ISSN = {0001-8708},
   MRCLASS = {14N35 (14D23 14J32)},
  MRNUMBER = {2854183},
       DOI = {10.1016/j.aim.2011.09.008},
       URL = {https://doi-org.proxy.lib.uwaterloo.ca/10.1016/j.aim.2011.09.008},
}

@article {BG,
    AUTHOR = {Bryan, Jim and Gholampour, Amin},
     TITLE = {The quantum {M}c{K}ay correspondence for polyhedral
              singularities},
   JOURNAL = {Invent. Math.},
  FJOURNAL = {Inventiones Mathematicae},
    VOLUME = {178},
      YEAR = {2009},
    NUMBER = {3},
     PAGES = {655--681},
      ISSN = {0020-9910},
   MRCLASS = {14E16 (14B05 14N35)},
  MRNUMBER = {2551767},
       DOI = {10.1007/s00222-009-0212-8},
       URL = {https://doi-org.proxy.lib.uwaterloo.ca/10.1007/s00222-009-0212-8},
}

@inproceedings {BO,
    AUTHOR = {Bondal, A. and Orlov, D.},
     TITLE = {Derived categories of coherent sheaves},
 BOOKTITLE = {Proceedings of the {I}nternational {C}ongress of
              {M}athematicians, {V}ol. {II} ({B}eijing, 2002)},
     PAGES = {47--56},
 PUBLISHER = {Higher Ed. Press, Beijing},
      YEAR = {2002},
   MRCLASS = {18E30 (14A22 14F05)},
  MRNUMBER = {1957019},
MRREVIEWER = {Bal\'{a}zs Szendr\H{o}i},
}

@article {BrideglandFlop,
    AUTHOR = {Bridgeland, Tom},
     TITLE = {Flops and derived categories},
   JOURNAL = {Invent. Math.},
  FJOURNAL = {Inventiones Mathematicae},
    VOLUME = {147},
      YEAR = {2002},
    NUMBER = {3},
     PAGES = {613--632},
      ISSN = {0020-9910},
   MRCLASS = {14E30 (14D22 14F05 14J30 14J32 18E30)},
  MRNUMBER = {1893007},
MRREVIEWER = {Jiun-Cheng Chen},
       DOI = {10.1007/s002220100185},
       URL = {https://doi-org.proxy.lib.uwaterloo.ca/10.1007/s002220100185},
}
		

@article {BKR,
    AUTHOR = {Bridgeland, Tom and King, Alastair and Reid, Miles},
     TITLE = {The {M}c{K}ay correspondence as an equivalence of derived
              categories},
   JOURNAL = {J. Amer. Math. Soc.},
  FJOURNAL = {Journal of the American Mathematical Society},
    VOLUME = {14},
      YEAR = {2001},
    NUMBER = {3},
     PAGES = {535--554},
      ISSN = {0894-0347},
   MRCLASS = {14E15 (14F05 14J30 18E30 19L47)},
  MRNUMBER = {1824990},
MRREVIEWER = {Ana Jerem\'{\i}as L\'{o}pez},
       DOI = {10.1090/S0894-0347-01-00368-X},
       URL = {https://doi-org.proxy.lib.uwaterloo.ca/10.1090/S0894-0347-01-00368-X},
}

@article {BridgelandStability,
    AUTHOR = {Bridgeland, Tom},
     TITLE = {Stability conditions on triangulated categories},
   JOURNAL = {Ann. of Math. (2)},
  FJOURNAL = {Annals of Mathematics. Second Series},
    VOLUME = {166},
      YEAR = {2007},
    NUMBER = {2},
     PAGES = {317--345},
      ISSN = {0003-486X},
   MRCLASS = {14F05 (18E30)},
  MRNUMBER = {2373143},
MRREVIEWER = {Leovigildo M. Alonso Tarrio},
       DOI = {10.4007/annals.2007.166.317},
       URL = {https://doi-org.proxy.lib.uwaterloo.ca/10.4007/annals.2007.166.317},
}

@book {ChambertLoirNicaiseSebag,
    AUTHOR = {Chambert-Loir, Antoine and Nicaise, Johannes and Sebag,
              Julien},
     TITLE = {Motivic integration},
    SERIES = {Progress in Mathematics},
    VOLUME = {325},
 PUBLISHER = {Birkh\"{a}user/Springer, New York},
      YEAR = {2018},
     PAGES = {xx+526},
      ISBN = {978-1-4939-7885-4; 978-1-4939-7887-8},
   MRCLASS = {14E18 (14C35 14D15)},
  MRNUMBER = {3838446},
MRREVIEWER = {Harry Tamvakis},
       DOI = {10.1007/978-1-4939-7887-8},
       URL = {https://doi.org/10.1007/978-1-4939-7887-8},
}




@article {ChenRuan,
    AUTHOR = {Chen, Weimin and Ruan, Yongbin},
     TITLE = {A new cohomology theory of orbifold},
   JOURNAL = {Comm. Math. Phys.},
  FJOURNAL = {Communications in Mathematical Physics},
    VOLUME = {248},
      YEAR = {2004},
    NUMBER = {1},
     PAGES = {1--31},
      ISSN = {0010-3616},
   MRCLASS = {57R19 (53D45)},
  MRNUMBER = {2104605},
MRREVIEWER = {Paolo Lisca},
       DOI = {10.1007/s00220-004-1089-4},
       URL = {https://doi.org/10.1007/s00220-004-1089-4},
}

@article {gms_kmoduli,
    AUTHOR = {Alper, Jarod and Blum, Harold and Halpern-Leistner, Daniel and
              Xu, Chenyang},
     TITLE = {Reductivity of the automorphism group of {$K$}-polystable
              {F}ano varieties},
   JOURNAL = {Invent. Math.},
  FJOURNAL = {Inventiones Mathematicae},
    VOLUME = {222},
      YEAR = {2020},
    NUMBER = {3},
     PAGES = {995--1032},
      ISSN = {0020-9910,1432-1297},
   MRCLASS = {14J45 (14D23 14E30 14J10)},
  MRNUMBER = {4169054},
MRREVIEWER = {James\ McKernan},
       DOI = {10.1007/s00222-020-00987-2},
       URL = {https://doi.org/10.1007/s00222-020-00987-2},
}

@article {open_Kmoduli,
    AUTHOR = {Blum, Harold and Liu, Yuchen and Xu, Chenyang},
     TITLE = {Openness of {K}-semistability for {F}ano varieties},
   JOURNAL = {Duke Math. J.},
  FJOURNAL = {Duke Mathematical Journal},
    VOLUME = {171},
      YEAR = {2022},
    NUMBER = {13},
     PAGES = {2753--2797},
      ISSN = {0012-7094,1547-7398},
   MRCLASS = {14J45 (14E30)},
  MRNUMBER = {4505846},
MRREVIEWER = {Jihun\ Park},
       DOI = {10.1215/00127094-2022-0054},
       URL = {https://doi.org/10.1215/00127094-2022-0054},
}

@article {smoothable_Kmoduli,
    AUTHOR = {Li, Chi and Wang, Xiaowei and Xu, Chenyang},
     TITLE = {On the proper moduli spaces of smoothable
              {K}\"ahler-{E}instein {F}ano varieties},
   JOURNAL = {Duke Math. J.},
  FJOURNAL = {Duke Mathematical Journal},
    VOLUME = {168},
      YEAR = {2019},
    NUMBER = {8},
     PAGES = {1387--1459},
      ISSN = {0012-7094,1547-7398},
   MRCLASS = {14J45 (14D20 14J10 53C25 53C55)},
  MRNUMBER = {3959862},
MRREVIEWER = {Indranil\ Biswas},
       DOI = {10.1215/00127094-2018-0069},
       URL = {https://doi.org/10.1215/00127094-2018-0069},
}

@article {effective,
    AUTHOR = {Di Lorenzo, Andrea and Inchiostro, Giovanni},
     TITLE = {Effective morphisms and quotient stacks},
   JOURNAL = {Int. Math. Res. Not. IMRN},
  FJOURNAL = {International Mathematics Research Notices. IMRN},
      YEAR = {2024},
    NUMBER = {11},
     PAGES = {9091--9113},
      ISSN = {1073-7928,1687-0247},
   MRCLASS = {14A20 (14D23)},
  MRNUMBER = {4756104},
MRREVIEWER = {Jon\ Eivind\ Vatne},
       DOI = {10.1093/imrn/rnae010},
       URL = {https://doi.org/10.1093/imrn/rnae010},
}

@incollection {ACV,
    AUTHOR = {Abramovich, Dan and Corti, Alessio and Vistoli, Angelo},
     TITLE = {Twisted bundles and admissible covers},
      NOTE = {Special issue in honor of Steven L. Kleiman},
   JOURNAL = {Comm. Algebra},
  FJOURNAL = {Communications in Algebra},
    VOLUME = {31},
      YEAR = {2003},
    NUMBER = {8},
     PAGES = {3547--3618},
      ISSN = {0092-7872,1532-4125},
   MRCLASS = {14H10 (14A20 14H30)},
  MRNUMBER = {2007376},
MRREVIEWER = {Andrew\ Kresch},
       DOI = {10.1081/AGB-120022434},
       URL = {https://doi.org/10.1081/AGB-120022434},
}

@misc{warped,
      title={Beyond twisted maps: applications to motivic integration}, 
      author={Matthew Satriano and Jeremy Usatine},
      year={2024},
      eprint={2309.11434},
      archivePrefix={arXiv},
      primaryClass={math.AG},
      url={https://arxiv.org/abs/2309.11434}, 
}

@misc{mjjeon,
      title={Resolution of Indeterminacy of Rational Maps to Proper Tame Stacks}, 
      author={Myeong Jae Jeon},
      year={2025},
      eprint={2506.14969},
      archivePrefix={arXiv},
      primaryClass={math.AG},
      url={https://arxiv.org/abs/2506.14969}, 
}

@book {flipsandabundance,
     TITLE = {Flips and abundance for algebraic threefolds},
      NOTE = {Papers from the Second Summer Seminar on Algebraic Geometry
              held at the University of Utah, Salt Lake City, Utah, August
              1991,
              Ast\'erisque No. 211 (1992)},
 PUBLISHER = {Soci\'et\'e{} Math\'ematique de France, Paris},
      YEAR = {1992},
     PAGES = {1--258},
      ISSN = {0303-1179,2492-5926},
   MRCLASS = {14E30 (14E35 14M10)},
  MRNUMBER = {1225842},
MRREVIEWER = {Mark\ Gross},
}

@article {kawakita,
    AUTHOR = {Kawakita, Masayuki},
     TITLE = {Inversion of adjunction on log canonicity},
   JOURNAL = {Invent. Math.},
  FJOURNAL = {Inventiones Mathematicae},
    VOLUME = {167},
      YEAR = {2007},
    NUMBER = {1},
     PAGES = {129--133},
      ISSN = {0020-9910,1432-1297},
   MRCLASS = {14E30 (14N30)},
  MRNUMBER = {2264806},
MRREVIEWER = {Carla\ Novelli},
       DOI = {10.1007/s00222-006-0008-z},
       URL = {https://doi.org/10.1007/s00222-006-0008-z},
}

@article {odaka,
    AUTHOR = {Odaka, Yuji},
     TITLE = {The {GIT} stability of polarized varieties via discrepancy},
   JOURNAL = {Ann. of Math. (2)},
  FJOURNAL = {Annals of Mathematics. Second Series},
    VOLUME = {177},
      YEAR = {2013},
    NUMBER = {2},
     PAGES = {645--661},
      ISSN = {0003-486X,1939-8980},
   MRCLASS = {14C20 (14J17 14L24 32Q26)},
  MRNUMBER = {3010808},
MRREVIEWER = {Daniel\ Greb},
       DOI = {10.4007/annals.2013.177.2.6},
       URL = {https://doi.org/10.4007/annals.2013.177.2.6},
}

@article {ED_specialization,
    AUTHOR = {Reichstein, Zinovy and Scavia, Federico},
     TITLE = {The behavior of essential dimension under specialization},
   JOURNAL = {\'Epijournal G\'eom. Alg\'ebrique},
  FJOURNAL = {\'Epijournal de G\'eom\'etrie Alg\'ebrique. EPIGA},
    VOLUME = {6},
      YEAR = {2022},
     PAGES = {Art. 21, 28},
      ISSN = {2491-6765},
   MRCLASS = {20G10 (13A18 14L30 20G15)},
  MRNUMBER = {4526269},
MRREVIEWER = {David\ I.\ Stewart},
}

@article {CI,
    AUTHOR = {Craw, Alastair and Ishii, Akira},
     TITLE = {Flops of {$G$}-{H}ilb and equivalences of derived categories
              by variation of {GIT} quotient},
   JOURNAL = {Duke Math. J.},
  FJOURNAL = {Duke Mathematical Journal},
    VOLUME = {124},
      YEAR = {2004},
    NUMBER = {2},
     PAGES = {259--307},
      ISSN = {0012-7094},
   MRCLASS = {14E15 (14F05 14L24 18E30)},
  MRNUMBER = {2078369},
MRREVIEWER = {Carla Dionisi},
       DOI = {10.1215/S0012-7094-04-12422-4},
       URL = {https://doi.org/10.1215/S0012-7094-04-12422-4},
}


@misc{CLMKM,
  author       = {{Cheng}, Raymond and {Lian}, Carl and {Murayama}, Takumi and {Kovacheva}, Yordanka and {Marinescu}, Monica},
  title        = {Projectivity of the moduli of curves},
  howpublished = {\url{https://chngr.github.io/assets/mgbar.pdf}},
  month = {July},
  year         = {2021},
}

@article{chernousov2006resolving,
  title={Resolving G-torsors by abelian base extensions},
  author={Chernousov, Vladimir and Gille, Philippe and Reichstein, Zinovy},
  journal={Journal of Algebra},
  volume={296},
  number={2},
  pages={561--581},
  year={2006},
  publisher={Elsevier}
}

@article{chernousov2008reduction,
  title={Reduction of structure for torsors over semilocal rings},
  author={Chernousov, Vladimir and Gille, Philippe and Reichstein, Zinovy},
  journal={manuscripta mathematica},
  volume={126},
  pages={465--480},
  year={2008},
  publisher={Springer}
}

@article {MR3961332,
    AUTHOR = {Ascher, Kenneth and Bejleri, Dori},
     TITLE = {Moduli of fibered surface pairs from twisted stable maps},
   JOURNAL = {Math. Ann.},
  FJOURNAL = {Mathematische Annalen},
    VOLUME = {374},
      YEAR = {2019},
    NUMBER = {1-2},
     PAGES = {1007--1032},
      ISSN = {0025-5831,1432-1807},
   MRCLASS = {14J10 (14D23)},
  MRNUMBER = {3961332},
MRREVIEWER = {Izzet\ Coskun},
       DOI = {10.1007/s00208-018-1697-5},
       URL = {https://doi.org/10.1007/s00208-018-1697-5},
}

@misc{bejleri2024heightmodulicyclotomicstacks,
      title={Height moduli on cyclotomic stacks and counting elliptic curves over function fields}, 
      author={Dori Bejleri and Jun-Yong Park and Matthew Satriano},
      year={2024},
      eprint={2210.04450},
      archivePrefix={arXiv},
      primaryClass={math.NT},
      url={https://arxiv.org/abs/2210.04450}, 
}

@misc{gs_parahoric,
    title = {Grothendieck-{S}erre phenomena for parahoric groups},
    author = {V. Balaji and Kestutis {\v{C}}esnavi{\v{c}}ius and Elden Elmanto and Arnab Kundu and Alex Youcis}, 
    year = {2025}, 
    howpublished = {In preparation},
}

@article {MR4703674,
    AUTHOR = {Damiolini, Chiara},
     TITLE = {On equivariant bundles and their moduli spaces},
   JOURNAL = {C. R. Math. Acad. Sci. Paris},
  FJOURNAL = {Comptes Rendus Math\'ematique. Acad\'emie des Sciences. Paris},
    VOLUME = {362},
      YEAR = {2024},
     PAGES = {55--62},
      ISSN = {1631-073X,1778-3569},
   MRCLASS = {14L15 (14H60 14L30)},
  MRNUMBER = {4703674},
MRREVIEWER = {Zinovy\ Reichstein},
       DOI = {10.5802/crmath.524},
       URL = {https://doi.org/10.5802/crmath.524},
}

@misc{properness_kmoduli_new,
    title = {Relative stability theory of properness of K-moduli}, 
    author = {Harold Blum and Yuchen Liu and Chenyang Xu and Ziquan Zhuang}, 
    year = {2025},
    howpublished = {In preparation},
}

@misc{good_moduli_gerbe,
    title = {A primer on good moduli space gerbes},
    author = {Dori Bejleri and Giovanni Inchiostro and Siddharth Mathur and Matthew Satriano}, 
    year = {2025},
    howpublished = {In preparation},
}
    

@misc{javier_hyperelliptic,
    title = {Classification of singular fibers of hyperelliptic fibrations},
    author = {Javier Reyes},
    year = {2025},
    howpublished = {In preparation}
}

@misc{ConradReductive,
  author       = {{Conrad}, Brian},
  title        = {Reductive Group Schemes},
  howpublished = {\url{http://math.stanford.edu/~conrad/papers/luminysga3.pdf}},
  Note = {Soci\'et\'e math\'ematique de France},
  year         = {2014},
}




@ARTICLE{DardaYasuda,
       author = {{Darda}, Ratko and {Yasuda}, Takehiko},
        title = "{The {B}atyrev-{M}anin conjecture for {DM} stacks}",
      journal = {arXiv e-prints},
         year = 2022,
        month = july,
          eid = {arXiv:2207.03645},
        pages = {arXiv:2207.03645},
archivePrefix = {arXiv},
       eprint = {2207.03645},
 primaryClass = {math.AG},
}



@article {DeligneMumford,
    AUTHOR = {Deligne, P. and Mumford, D.},
     TITLE = {The irreducibility of the space of curves of given genus},
   JOURNAL = {Inst. Hautes \'{E}tudes Sci. Publ. Math.},
  FJOURNAL = {Institut des Hautes \'{E}tudes Scientifiques. Publications
              Math\'{e}matiques},
    NUMBER = {36},
      YEAR = {1969},
     PAGES = {75--109},
      ISSN = {0073-8301},
   MRCLASS = {14.20},
  MRNUMBER = {262240},
MRREVIEWER = {Manfred Herrmann},
       URL = {http://www.numdam.org/item?id=PMIHES_1969__36__75_0},
}


@book {DG90,
    AUTHOR = {Demazure, Michel and Gabriel, Pierre},
     TITLE = {Groupes alg\'{e}briques. {T}ome {I}: {G}\'{e}om\'{e}trie
              alg\'{e}brique, g\'{e}n\'{e}ralit\'{e}s, groupes commutatifs},
      NOTE = {Avec un appendice {\it Corps de classes local} par Michiel
              Hazewinkel},
 PUBLISHER = {Masson \& Cie, \'{E}diteurs, Paris; North-Holland Publishing
              Co., Amsterdam},
      YEAR = {1970},
     PAGES = {xxvi+700},
   MRCLASS = {14L15 (20G35)},
  MRNUMBER = {302656},
MRREVIEWER = {J.-E.\ Bertin},
}

@article {DenefLoeser1999,
    AUTHOR = {Denef, Jan and Loeser, Fran\c{c}ois},
     TITLE = {Germs of arcs on singular algebraic varieties and motivic
              integration},
   JOURNAL = {Invent. Math.},
  FJOURNAL = {Inventiones Mathematicae},
    VOLUME = {135},
      YEAR = {1999},
    NUMBER = {1},
     PAGES = {201--232},
      ISSN = {0020-9910},
   MRCLASS = {14A20 (14D10 14G99)},
  MRNUMBER = {1664700},
MRREVIEWER = {Jos\'{e} Ignacio Burgos Gil},
       DOI = {10.1007/s002220050284},
       URL = {https://doi.org/10.1007/s002220050284},
}




@article {DenefLoeser2002,
    AUTHOR = {Denef, Jan and Loeser, Fran\c{c}ois},
     TITLE = {Motivic integration, quotient singularities and the {M}c{K}ay
              correspondence},
   JOURNAL = {Compositio Math.},
  FJOURNAL = {Compositio Mathematica},
    VOLUME = {131},
      YEAR = {2002},
    NUMBER = {3},
     PAGES = {267--290},
      ISSN = {0010-437X},
   MRCLASS = {14B05 (14A15 14C15 14C30 14C35 14E15 14L30)},
  MRNUMBER = {1905024},
       DOI = {10.1023/A:1015565912485},
       URL = {https://doi.org/10.1023/A:1015565912485},
}




@article {DonovanSegal,
    AUTHOR = {Donovan, Will and Segal, Ed},
     TITLE = {Window shifts, flop equivalences and {G}rassmannian twists},
   JOURNAL = {Compos. Math.},
  FJOURNAL = {Compositio Mathematica},
    VOLUME = {150},
      YEAR = {2014},
    NUMBER = {6},
     PAGES = {942--978},
      ISSN = {0010-437X},
   MRCLASS = {14F05 (14M15)},
  MRNUMBER = {3223878},
MRREVIEWER = {Nicolas Perrin},
       DOI = {10.1112/S0010437X13007641},
       URL = {https://doi.org/10.1112/S0010437X13007641},
}


@article {ER,
    AUTHOR = {Edidin, Dan and Rydh, David},
     TITLE = {Canonical reduction of stabilizers for {A}rtin stacks with
              good moduli spaces},
   JOURNAL = {Duke Math. J.},
  FJOURNAL = {Duke Mathematical Journal},
    VOLUME = {170},
      YEAR = {2021},
    NUMBER = {5},
     PAGES = {827--880},
      ISSN = {0012-7094,1547-7398},
   MRCLASS = {14D23 (14E15 14L24)},
  MRNUMBER = {4255045},
MRREVIEWER = {Ariyan\ Javanpeykar},
       DOI = {10.1215/00127094-2020-0050},
       URL = {https://doi.org/10.1215/00127094-2020-0050},
}

@article {EGA43,
    AUTHOR = {Grothendieck, A.},
     TITLE = {\'{E}l\'{e}ments de g\'{e}om\'{e}trie alg\'{e}brique. {IV}.
              \'{E}tude locale des sch\'{e}mas et des morphismes de
              sch\'{e}mas. {III}},
   JOURNAL = {Inst. Hautes \'{E}tudes Sci. Publ. Math.},
  FJOURNAL = {Institut des Hautes \'{E}tudes Scientifiques. Publications
              Math\'{e}matiques},
    NUMBER = {28},
      YEAR = {1966},
     PAGES = {255},
      ISSN = {0073-8301,1618-1913},
   MRCLASS = {14.55},
  MRNUMBER = {217086},
MRREVIEWER = {J.\ P.\ Murre},
       URL = {http://www.numdam.org/item?id=PMIHES_1966__28__255_0},
}



@incollection {EinMustata,
    AUTHOR = {Ein, Lawrence and Musta\c{t}\u{a}, Mircea},
     TITLE = {Jet schemes and singularities},
 BOOKTITLE = {Algebraic geometry---{S}eattle 2005. {P}art 2},
    SERIES = {Proc. Sympos. Pure Math.},
    VOLUME = {80},
     PAGES = {505--546},
 PUBLISHER = {Amer. Math. Soc., Providence, RI},
      YEAR = {2009},
   MRCLASS = {14B05 (14E18)},
  MRNUMBER = {2483946},
MRREVIEWER = {Julien Sebag},
       DOI = {10.1090/pspum/080.2/2483946},
       URL = {https://doi.org/10.1090/pspum/080.2/2483946},
}


@book {EisenbudCA,
    AUTHOR = {Eisenbud, David},
     TITLE = {Commutative algebra},
    SERIES = {Graduate Texts in Mathematics},
    VOLUME = {150},
      NOTE = {With a view toward algebraic geometry},
 PUBLISHER = {Springer-Verlag, New York},
      YEAR = {1995},
     PAGES = {xvi+785},
      ISBN = {0-387-94268-8; 0-387-94269-6},
   MRCLASS = {13-01 (14A05)},
  MRNUMBER = {1322960},
MRREVIEWER = {Matthew Miller},
       DOI = {10.1007/978-1-4612-5350-1},
       URL = {https://doi.org/10.1007/978-1-4612-5350-1},
}


@ARTICLE{Ekedahl,
       author = {{Ekedahl}, Torsten},
        title = "{The Grothendieck group of algebraic stacks}",
      journal = {arXiv e-prints},
     keywords = {Mathematics - Algebraic Geometry, 14A20, 14J10},
         year = 2009,
        month = mar,
          eid = {arXiv:0903.3143},
        pages = {arXiv:0903.3143},
archivePrefix = {arXiv},
       eprint = {0903.3143},
 primaryClass = {math.AG},
       adsurl = {https://ui.adsabs.harvard.edu/abs/2009arXiv0903.3143E},
      adsnote = {Provided by the SAO/NASA Astrophysics Data System}
}


@article {ESZB,
    AUTHOR = {Ellenberg, Jordan S. and Satriano, Matthew and Zureick-Brown,
              David},
     TITLE = {Heights on stacks and a generalized {B}atyrev-{M}anin-{M}alle
              conjecture},
   JOURNAL = {Forum Math. Sigma},
  FJOURNAL = {Forum of Mathematics. Sigma},
    VOLUME = {11},
      YEAR = {2023},
     PAGES = {Paper No. e14, 54},
   MRCLASS = {11G50 (11G35 14D23 14G05 14G25 14G40)},
  MRNUMBER = {4557890},
       DOI = {10.1017/fms.2023.5},
       URL = {https://doi.org/10.1017/fms.2023.5},
}


@article {GroechenigWyssZiegler,
    AUTHOR = {Groechenig, Michael and Wyss, Dimitri and Ziegler, Paul},
     TITLE = {Geometric stabilisation via {$p$}-adic integration},
   JOURNAL = {J. Amer. Math. Soc.},
  FJOURNAL = {Journal of the American Mathematical Society},
    VOLUME = {33},
      YEAR = {2020},
    NUMBER = {3},
     PAGES = {807--873},
      ISSN = {0894-0347,1088-6834},
   MRCLASS = {11S37 (11S80 14D24 14H60 20G40)},
  MRNUMBER = {4127904},
MRREVIEWER = {Aprameyo\ Pal},
       DOI = {10.1090/jams/948},
       URL = {https://doi.org/10.1090/jams/948},
}

@book {GelfandKapranovZelevinsky,
    AUTHOR = {Gelfand, I. M. and Kapranov, M. M. and Zelevinsky, A. V.},
     TITLE = {Discriminants, resultants, and multidimensional determinants},
    SERIES = {Mathematics: Theory \& Applications},
 PUBLISHER = {Birkh\"{a}user Boston, Inc., Boston, MA},
      YEAR = {1994},
     PAGES = {x+523},
      ISBN = {0-8176-3660-9},
   MRCLASS = {14N05 (13D25 14M25 15A69 33C70 52B20)},
  MRNUMBER = {1264417},
MRREVIEWER = {I. Dolgachev},
       DOI = {10.1007/978-0-8176-4771-1},
       URL = {https://doi-org.proxy.lib.uwaterloo.ca/10.1007/978-0-8176-4771-1},
}


@book {GortzWedhorn,
    AUTHOR = {G\"{o}rtz, Ulrich and Wedhorn, Torsten},
     TITLE = {Algebraic geometry {I}},
    SERIES = {Advanced Lectures in Mathematics},
      NOTE = {Schemes with examples and exercises},
 PUBLISHER = {Vieweg + Teubner, Wiesbaden},
      YEAR = {2010},
     PAGES = {viii+615},
      ISBN = {978-3-8348-0676-5},
   MRCLASS = {14-01},
  MRNUMBER = {2675155},
MRREVIEWER = {C\'{\i}cero Carvalho},
       DOI = {10.1007/978-3-8348-9722-0},
       URL = {https://doi-org.proxy.lib.uwaterloo.ca/10.1007/978-3-8348-9722-0},
}


@incollection {BrauerIII,
    AUTHOR = {Grothendieck, Alexander},
     TITLE = {Le groupe de {B}rauer. {III}. {E}xemples et compl\'{e}ments},
 BOOKTITLE = {Dix expos\'{e}s sur la cohomologie des sch\'{e}mas},
    SERIES = {Adv. Stud. Pure Math.},
    VOLUME = {3},
     PAGES = {88--188},
 PUBLISHER = {North-Holland, Amsterdam},
      YEAR = {1968},
   MRCLASS = {14F22},
  MRNUMBER = {244271},
MRREVIEWER = {James\ Milne},
}


@article {HallOpenVersal,
    AUTHOR = {Hall, Jack},
     TITLE = {Openness of versality via coherent functors},
   JOURNAL = {J. Reine Angew. Math.},
  FJOURNAL = {Journal f\"{u}r die Reine und Angewandte Mathematik. [Crelle's
              Journal]},
    VOLUME = {722},
      YEAR = {2017},
     PAGES = {137--182},
      ISSN = {0075-4102,1435-5345},
   MRCLASS = {14A20 (14F05)},
  MRNUMBER = {3589351},
MRREVIEWER = {Stefan\ Schr\"{o}er},
       DOI = {10.1515/crelle-2014-0057},
       URL = {https://doi.org/10.1515/crelle-2014-0057},
}

@article {HallRydh,
    AUTHOR = {Hall, Jack and Rydh, David},
     TITLE = {The telescope conjecture for algebraic stacks},
   JOURNAL = {J. Topol.},
  FJOURNAL = {Journal of Topology},
    VOLUME = {10},
      YEAR = {2017},
    NUMBER = {3},
     PAGES = {776--794},
      ISSN = {1753-8416},
   MRCLASS = {14F05 (14A20 18E30)},
  MRNUMBER = {3797596},
MRREVIEWER = {Lennart Meier},
       DOI = {10.1112/topo.12021},
       URL = {https://doi-org.proxy.lib.uwaterloo.ca/10.1112/topo.12021},
}

@article {HallRydh-Artin-axioms,
    AUTHOR = {Hall, Jack and Rydh, David},
     TITLE = {Artin's criteria for algebraicity revisited},
   JOURNAL = {Algebra Number Theory},
  FJOURNAL = {Algebra \& Number Theory},
    VOLUME = {13},
      YEAR = {2019},
    NUMBER = {4},
     PAGES = {749--796},
      ISSN = {1937-0652},
   MRCLASS = {14D15 (14D23)},
  MRNUMBER = {3951580},
MRREVIEWER = {R. Parthasarathi},
       DOI = {10.2140/ant.2019.13.749},
       URL = {https://doi.org/10.2140/ant.2019.13.749},
}

@article {HallRydh-generalHilbert,
    AUTHOR = {Hall, Jack and Rydh, David},
     TITLE = {General {H}ilbert stacks and {Q}uot schemes},
   JOURNAL = {Michigan Math. J.},
  FJOURNAL = {Michigan Mathematical Journal},
    VOLUME = {64},
      YEAR = {2015},
    NUMBER = {2},
     PAGES = {335--347},
      ISSN = {0026-2285,1945-2365},
   MRCLASS = {14C05 (14A20 14D23)},
  MRNUMBER = {3359029},
MRREVIEWER = {Lucio\ Guerra},
       DOI = {10.1307/mmj/1434731927},
       URL = {https://doi.org/10.1307/mmj/1434731927},
}


@article {HalpernLeistner,
    AUTHOR = {Halpern-Leistner, Daniel},
     TITLE = {The derived category of a {GIT} quotient},
   JOURNAL = {J. Amer. Math. Soc.},
  FJOURNAL = {Journal of the American Mathematical Society},
    VOLUME = {28},
      YEAR = {2015},
    NUMBER = {3},
     PAGES = {871--912},
      ISSN = {0894-0347},
   MRCLASS = {14F05 (14L30)},
  MRNUMBER = {3327537},
MRREVIEWER = {Scott R. Nollet},
       DOI = {10.1090/S0894-0347-2014-00815-8},
       URL = {https://doi.org/10.1090/S0894-0347-2014-00815-8},
}


@ARTICLE{HalpernLeistnerTheta,
       author = {{Halpern-Leistner}, Daniel},
        title = "{Derived $\Theta$-stratifications and the $D$-equivalence conjecture}",
      journal = {arXiv e-prints},
     keywords = {Mathematics - Algebraic Geometry},
         year = 2021,
        month = jun,
          eid = {arXiv:2010.01127},
        pages = {arXiv:2010.01127},
archivePrefix = {arXiv},
       eprint = {2010.01127},
 primaryClass = {math.AG},
}


@article {HalpernLeistnerSam,
    AUTHOR = {Halpern-Leistner, Daniel and Sam, Steven V.},
     TITLE = {Combinatorial constructions of derived equivalences},
   JOURNAL = {J. Amer. Math. Soc.},
  FJOURNAL = {Journal of the American Mathematical Society},
    VOLUME = {33},
      YEAR = {2020},
    NUMBER = {3},
     PAGES = {735--773},
      ISSN = {0894-0347},
   MRCLASS = {14F08 (14L24 19E08)},
  MRNUMBER = {4127902},
       DOI = {10.1090/jams/940},
       URL = {https://doi.org/10.1090/jams/940},
}



@book {Huybrechts2006,
    AUTHOR = {Huybrechts, D.},
     TITLE = {Fourier-{M}ukai transforms in algebraic geometry},
    SERIES = {Oxford Mathematical Monographs},
 PUBLISHER = {The Clarendon Press, Oxford University Press, Oxford},
      YEAR = {2006},
     PAGES = {viii+307},
      ISBN = {978-0-19-929686-6; 0-19-929686-3},
   MRCLASS = {14F05 (14-02 18E30)},
  MRNUMBER = {2244106},
MRREVIEWER = {Bal\'{a}zs Szendr\H{o}i},
       DOI = {10.1093/acprof:oso/9780199296866.001.0001},
       URL = {https://doi-org.proxy.lib.uwaterloo.ca/10.1093/acprof:oso/9780199296866.001.0001},
}


@article {IW13,
    AUTHOR = {Iyama, Osamu and Wemyss, Michael},
     TITLE = {On the noncommutative {B}ondal-{O}rlov conjecture},
   JOURNAL = {J. Reine Angew. Math.},
  FJOURNAL = {Journal f\"{u}r die Reine und Angewandte Mathematik. [Crelle's
              Journal]},
    VOLUME = {683},
      YEAR = {2013},
     PAGES = {119--128},
      ISSN = {0075-4102},
   MRCLASS = {13D09 (14A22 16E35 16S38)},
  MRNUMBER = {3181550},
MRREVIEWER = {Graham J. Leuschke},
       DOI = {10.1515/crelle-2012-0001},
       URL = {https://doi-org.proxy.lib.uwaterloo.ca/10.1515/crelle-2012-0001},
}

@article {KollarAmpleness,
    AUTHOR = {Koll\'{a}r, J\'{a}nos},
     TITLE = {Projectivity of complete moduli},
   JOURNAL = {J. Differential Geom.},
  FJOURNAL = {Journal of Differential Geometry},
    VOLUME = {32},
      YEAR = {1990},
    NUMBER = {1},
     PAGES = {235--268},
      ISSN = {0022-040X,1945-743X},
   MRCLASS = {14D22 (14H10 14J10)},
  MRNUMBER = {1064874},
       URL = {http://projecteuclid.org/euclid.jdg/1214445046},
}

@book {Knutson1971,
    AUTHOR = {Knutson, Donald},
     TITLE = {Algebraic spaces},
    SERIES = {Lecture Notes in Mathematics},
    VOLUME = {Vol. 203},
 PUBLISHER = {Springer-Verlag, Berlin-New York},
      YEAR = {1971},
     PAGES = {vi+261},
   MRCLASS = {14A20 (13J15 14F20)},
  MRNUMBER = {302647},
MRREVIEWER = {H.\ Kurke},
}

@article {KV,
    AUTHOR = {Kapranov, M. and Vasserot, E.},
     TITLE = {Kleinian singularities, derived categories and {H}all
              algebras},
   JOURNAL = {Math. Ann.},
  FJOURNAL = {Mathematische Annalen},
    VOLUME = {316},
      YEAR = {2000},
    NUMBER = {3},
     PAGES = {565--576},
      ISSN = {0025-5831},
   MRCLASS = {14F05 (14J17 14L30 18E30 19A49 32S25)},
  MRNUMBER = {1752785},
MRREVIEWER = {I. Dolgachev},
       DOI = {10.1007/s002080050344},
       URL = {https://doi-org.proxy.lib.uwaterloo.ca/10.1007/s002080050344},
}

@misc{Kontsevich,
	Author = {Kontsevich, Maxim},
	Month = {December},
	Title = {String cohomology},
	Note = {Lecture at {Orsay}},
	Year = {1995}}
 




@article {Kresch,
    AUTHOR = {Kresch, Andrew},
     TITLE = {Cycle groups for {A}rtin stacks},
   JOURNAL = {Invent. Math.},
  FJOURNAL = {Inventiones Mathematicae},
    VOLUME = {138},
      YEAR = {1999},
    NUMBER = {3},
     PAGES = {495--536},
      ISSN = {0020-9910},
   MRCLASS = {14A20 (14C17)},
  MRNUMBER = {1719823},
MRREVIEWER = {Burt Totaro},
       DOI = {10.1007/s002220050351},
       URL = {https://doi.org/10.1007/s002220050351},
}


@ARTICLE{LiuZheng,
       author = {{Liu}, Yifeng and {Zheng}, Weizhe},
        title = "{Enhanced six operations and base change theorem for higher {A}rtin stacks}",
      journal = {arXiv e-prints},
     keywords = {Mathematics - Algebraic Geometry},
         year = 2017,
        month = sep,
          eid = {arXiv:1211.5948},
        pages = {arXiv:1211.5948},
archivePrefix = {arXiv},
       eprint = {1211.5948},
 primaryClass = {math.AG},
}

 

@book {LMB,
    AUTHOR = {Laumon, G\'{e}rard and Moret-Bailly, Laurent},
     TITLE = {Champs alg\'{e}briques},
    SERIES = {Ergebnisse der Mathematik und ihrer Grenzgebiete. 3. Folge. A
              Series of Modern Surveys in Mathematics [Results in
              Mathematics and Related Areas. 3rd Series. A Series of Modern
              Surveys in Mathematics]},
    VOLUME = {39},
 PUBLISHER = {Springer-Verlag, Berlin},
      YEAR = {2000},
     PAGES = {xii+208},
      ISBN = {3-540-65761-4},
   MRCLASS = {14A20 (14D20)},
  MRNUMBER = {1771927},
MRREVIEWER = {Dan\ Edidin},
}

@incollection {Looijenga,
    AUTHOR = {Looijenga, Eduard},
     TITLE = {Motivic measures},
      NOTE = {S\'{e}minaire Bourbaki, Vol. 1999/2000},
   JOURNAL = {Ast\'{e}risque},
  FJOURNAL = {Ast\'{e}risque},
    NUMBER = {276},
      YEAR = {2002},
     PAGES = {267--297},
      ISSN = {0303-1179},
   MRCLASS = {14D10 (11S40 14A20 14G99)},
  MRNUMBER = {1886763},
MRREVIEWER = {Dan Abramovich},
}


@incollection {McKay,
    AUTHOR = {McKay, John},
     TITLE = {Graphs, singularities, and finite groups},
 BOOKTITLE = {The {S}anta {C}ruz {C}onference on {F}inite {G}roups ({U}niv.
              {C}alifornia, {S}anta {C}ruz, {C}alif., 1979)},
    SERIES = {Proc. Sympos. Pure Math.},
    VOLUME = {37},
     PAGES = {183--186},
 PUBLISHER = {Amer. Math. Soc., Providence, R.I.},
      YEAR = {1980},
   MRCLASS = {20C99 (05C25 14B05 17B10)},
  MRNUMBER = {604577},
}

@article {McQuillanMarzo,
    AUTHOR = {McQuillan, Michael},
     TITLE = {Very functorial, very fast, and very easy resolution of
              singularities},
   JOURNAL = {Geom. Funct. Anal.},
  FJOURNAL = {Geometric and Functional Analysis},
    VOLUME = {30},
      YEAR = {2020},
    NUMBER = {3},
     PAGES = {858--909},
      ISSN = {1016-443X},
   MRCLASS = {14E15 (32S45)},
  MRNUMBER = {4135673},
MRREVIEWER = {Santiago Encinas},
       DOI = {10.1007/s00039-020-00523-7},
       URL = {https://doi.org/10.1007/s00039-020-00523-7},
}

@book {MilneAlgGp,
    AUTHOR = {Milne, J. S.},
     TITLE = {Algebraic groups},
    SERIES = {Cambridge Studies in Advanced Mathematics},
    VOLUME = {170},
      NOTE = {The theory of group schemes of finite type over a field},
 PUBLISHER = {Cambridge University Press, Cambridge},
      YEAR = {2017},
     PAGES = {xvi+644},
      ISBN = {978-1-107-16748-3},
   MRCLASS = {14L15 (14-01 17B45 20-01 20G15)},
  MRNUMBER = {3729270},
MRREVIEWER = {Boris\ \`E.\ Kunyavski\u{\i}},
       DOI = {10.1017/9781316711736},
       URL = {https://doi.org/10.1017/9781316711736},
}


@article {MustataJet,
    AUTHOR = {Musta\c{t}\u{a}, Mircea},
     TITLE = {Jet schemes of locally complete intersection canonical
              singularities},
      NOTE = {With an appendix by David Eisenbud and Edward Frenkel},
   JOURNAL = {Invent. Math.},
  FJOURNAL = {Inventiones Mathematicae},
    VOLUME = {145},
      YEAR = {2001},
    NUMBER = {3},
     PAGES = {397--424},
      ISSN = {0020-9910},
   MRCLASS = {14B05 (14M10 17B99)},
  MRNUMBER = {1856396},
MRREVIEWER = {Eugenii Shustin},
       DOI = {10.1007/s002220100152},
       URL = {https://doi.org/10.1007/s002220100152},
}


@article {NTT,
    AUTHOR = {Ngoan, Ng\^{o} Th\d{i} and Th\brevac{a}ng, Nguy\cftil{e}n
              Qu\cfac{o}c},
     TITLE = {On some {H}asse principles for homogeneous spaces of algebraic
              groups over global fields of positive characteristic},
   JOURNAL = {Tr. Mat. Inst. Steklova},
  FJOURNAL = {Trudy Matematicheskogo Instituta Imeni V. A. Steklova},
    VOLUME = {292},
      YEAR = {2016},
     PAGES = {177--190},
      ISSN = {0371-9685},
      ISBN = {5-7846-0137-7; 978-5-7846-0137-7},
   MRCLASS = {14H05 (11E72 20G10 20G30)},
  MRNUMBER = {3628460},
MRREVIEWER = {J\"{o}rg\ Jahnel},
       DOI = {10.1134/S0371968516010118},
       URL = {https://doi.org/10.1134/S0371968516010118},
}

@article {OlssonLogStack,
    AUTHOR = {Olsson, Martin C.},
     TITLE = {Logarithmic geometry and algebraic stacks},
   JOURNAL = {Ann. Sci. \'{E}cole Norm. Sup. (4)},
  FJOURNAL = {Annales Scientifiques de l'\'{E}cole Normale Sup\'{e}rieure.
              Quatri\`eme S\'{e}rie},
    VOLUME = {36},
      YEAR = {2003},
    NUMBER = {5},
     PAGES = {747--791},
      ISSN = {0012-9593},
   MRCLASS = {14D20 (14A20)},
  MRNUMBER = {2032986},
MRREVIEWER = {Ivan\ S.\ Kausz},
       DOI = {10.1016/j.ansens.2002.11.001},
       URL = {https://doi.org/10.1016/j.ansens.2002.11.001},
}

@article {OlssonDefRep,
    AUTHOR = {Olsson, Martin C.},
     TITLE = {Deformation theory of representable morphisms of algebraic
              stacks},
   JOURNAL = {Math. Z.},
  FJOURNAL = {Mathematische Zeitschrift},
    VOLUME = {253},
      YEAR = {2006},
    NUMBER = {1},
     PAGES = {25--62},
      ISSN = {0025-5874,1432-1823},
   MRCLASS = {14D15 (14A20)},
  MRNUMBER = {2206635},
MRREVIEWER = {Hsian-Hua\ Tseng},
       DOI = {10.1007/s00209-005-0875-9},
       URL = {https://doi.org/10.1007/s00209-005-0875-9},
}


@article {Olsson2005,
    AUTHOR = {Olsson, Martin C.},
     TITLE = {On proper coverings of {A}rtin stacks},
   JOURNAL = {Adv. Math.},
  FJOURNAL = {Advances in Mathematics},
    VOLUME = {198},
      YEAR = {2005},
    NUMBER = {1},
     PAGES = {93--106},
      ISSN = {0001-8708,1090-2082},
   MRCLASS = {14A20},
  MRNUMBER = {2183251},
MRREVIEWER = {Charles\ D.\ Cadman},
       DOI = {10.1016/j.aim.2004.08.017},
       URL = {https://doi.org/10.1016/j.aim.2004.08.017},
}

@article{zhuang2024direct,
  title={Direct summands of klt singularities},
  author={Zhuang, Ziquan},
  journal={Inventiones mathematicae},
  volume={237},
  number={3},
  pages={1683--1695},
  year={2024},
  publisher={Springer}
}

@article{alexeev2012non,
  title={Non-normal abelian covers},
  author={Alexeev, Valery and Pardini, Rita},
  journal={Compositio Mathematica},
  volume={148},
  number={4},
  pages={1051--1084},
  year={2012},
  publisher={London Mathematical Society}
}


@article{braun2024reductive,
  title={Reductive quotients of klt singularities},
  author={Braun, Lukas and Greb, Daniel and Langlois, Kevin and Moraga, Joaqu{\'\i}n},
  journal={Inventiones mathematicae},
  volume={237},
  number={3},
  pages={1643--1682},
  year={2024},
  publisher={Springer}
}
@article{liu2022finite,
  title={Finite generation for valuations computing stability thresholds and applications to K-stability},
  author={Liu, Yuchen and Xu, Chenyang and Zhuang, Ziquan},
  journal={Annals of Mathematics},
  volume={196},
  number={2},
  pages={507--566},
  year={2022},
  publisher={Department of Mathematics, Princeton University Princeton, New Jersey, USA}
}
@article{di2022degenerations,
  title={Degenerations of twisted maps to algebraic stacks},
  author={Di Lorenzo, Andrea and Inchiostro, Giovanni},
  journal={arXiv preprint arXiv:2210.03806},
  year={2022}
}

@article {Olsson2006,
    AUTHOR = {Olsson, Martin C.},
     TITLE = {{$\underline {\rm Hom}$}-stacks and restriction of scalars},
   JOURNAL = {Duke Math. J.},
  FJOURNAL = {Duke Mathematical Journal},
    VOLUME = {134},
      YEAR = {2006},
    NUMBER = {1},
     PAGES = {139--164},
      ISSN = {0012-7094,1547-7398},
   MRCLASS = {14A20 (14D20)},
  MRNUMBER = {2239345},
MRREVIEWER = {Thomas\ Nevins},
       DOI = {10.1215/S0012-7094-06-13414-2},
       URL = {https://doi.org/10.1215/S0012-7094-06-13414-2},
}


@article {Olsson2007,
    AUTHOR = {Olsson, Martin},
     TITLE = {Sheaves on {A}rtin stacks},
   JOURNAL = {J. Reine Angew. Math.},
  FJOURNAL = {Journal f\"{u}r die Reine und Angewandte Mathematik. [Crelle's
              Journal]},
    VOLUME = {603},
      YEAR = {2007},
     PAGES = {55--112},
      ISSN = {0075-4102},
   MRCLASS = {14A20 (14D20)},
  MRNUMBER = {2312554},
MRREVIEWER = {Charles D. Cadman},
       DOI = {10.1515/CRELLE.2007.012},
       URL = {https://doi-org.proxy.lib.uwaterloo.ca/10.1515/CRELLE.2007.012},
}



@article {Quek,
    AUTHOR = {Quek, Ming Hao},
     TITLE = {Logarithmic resolution via weighted toroidal blow-ups},
   JOURNAL = {Algebr. Geom.},
  FJOURNAL = {Algebraic Geometry},
    VOLUME = {9},
      YEAR = {2022},
    NUMBER = {3},
     PAGES = {311--363},
      ISSN = {2313-1691},
   MRCLASS = {14E15 (14A20 14M25)},
  MRNUMBER = {4436684},
       DOI = {10.14231/ag-2022-010},
       URL = {https://doi.org/10.14231/ag-2022-010},
}



@ARTICLE{Quekmonodromy,
       author = {Quek, Ming Hao},
        title = "{Around the motivic monodromy conjecture for non-degenerate hypersurfaces}",
      journal = {arXiv e-prints},
         year = 2022,
        month = sep,
          eid = {arXiv:2208.02566},
        pages = {arXiv:2208.02566},
archivePrefix = {arXiv},
       eprint = {2208.02566},
 primaryClass = {math.AG},
}





@misc{Reid,
	Author = {Reid, Miles},
	Title = {The {M}c{K}ay correspondence and the physicists' {E}uler number},
	Note = {Lecture at University of Utah and MSRI},
	Year = {1992}}

@incollection {ReidCrepant,
    AUTHOR = {Reid, Miles},
     TITLE = {Minimal models of canonical {$3$}-folds},
 BOOKTITLE = {Algebraic varieties and analytic varieties ({T}okyo, 1981)},
    SERIES = {Adv. Stud. Pure Math.},
    VOLUME = {1},
     PAGES = {131--180},
 PUBLISHER = {North-Holland, Amsterdam},
      YEAR = {1983},
   MRCLASS = {14E30 (14J30)},
  MRNUMBER = {715649},
       DOI = {10.2969/aspm/00110131},
       URL = {https://doi-org.proxy.lib.uwaterloo.ca/10.2969/aspm/00110131},
}

@incollection {Ruan06,
    AUTHOR = {Ruan, Yongbin},
     TITLE = {The cohomology ring of crepant resolutions of orbifolds},
 BOOKTITLE = {Gromov-{W}itten theory of spin curves and orbifolds},
    SERIES = {Contemp. Math.},
    VOLUME = {403},
     PAGES = {117--126},
 PUBLISHER = {Amer. Math. Soc., Providence, RI},
      YEAR = {2006},
   MRCLASS = {14N35 (14C05)},
  MRNUMBER = {2234886},
MRREVIEWER = {Gianni Ciolli},
       DOI = {10.1090/conm/403/07597},
       URL = {https://doi-org.proxy.lib.uwaterloo.ca/10.1090/conm/403/07597},
}
	


@article {Rydh,
    AUTHOR = {Rydh, David},
     TITLE = {Representability of {H}ilbert schemes and {H}ilbert stacks of
              points},
   JOURNAL = {Comm. Algebra},
  FJOURNAL = {Communications in Algebra},
    VOLUME = {39},
      YEAR = {2011},
    NUMBER = {7},
     PAGES = {2632--2646},
      ISSN = {0092-7872},
   MRCLASS = {14C05 (14A20 14D23)},
  MRNUMBER = {2821738},
MRREVIEWER = {Li Li},
       DOI = {10.1080/00927872.2010.488678},
       URL = {https://doi.org/10.1080/00927872.2010.488678},
}


@article {Rydh2015,
    AUTHOR = {Rydh, David},
     TITLE = {Noetherian approximation of algebraic spaces and stacks},
   JOURNAL = {J. Algebra},
  FJOURNAL = {Journal of Algebra},
    VOLUME = {422},
      YEAR = {2015},
     PAGES = {105--147},
      ISSN = {0021-8693},
   MRCLASS = {14A20},
  MRNUMBER = {3272071},
MRREVIEWER = {Hsian-Hua Tseng},
       DOI = {10.1016/j.jalgebra.2014.09.012},
       URL = {https://doi-org.proxy.lib.uwaterloo.ca/10.1016/j.jalgebra.2014.09.012},
}


@book {SaavedraRivano,
    AUTHOR = {Saavedra Rivano, Neantro},
     TITLE = {Cat\'{e}gories {T}annakiennes},
    SERIES = {Lecture Notes in Mathematics},
    VOLUME = {Vol. 265},
 PUBLISHER = {Springer-Verlag, Berlin-New York},
      YEAR = {1972},
     PAGES = {ii+418},
   MRCLASS = {14L15 (18D10 20G05)},
  MRNUMBER = {338002},
MRREVIEWER = {P.\ Abellanas},
}


@article {SatrianoUsatine,
    AUTHOR = {Satriano, Matthew and Usatine, Jeremy},
     TITLE = {Stringy invariants and toric {A}rtin stacks},
   JOURNAL = {Forum Math. Sigma},
  FJOURNAL = {Forum of Mathematics. Sigma},
    VOLUME = {10},
      YEAR = {2022},
     PAGES = {Paper No. e9, 60},
   MRCLASS = {14E18 (14D23 14M25)},
  MRNUMBER = {4377270},
       DOI = {10.1017/fms.2022.3},
       URL = {https://doi.org/10.1017/fms.2022.3},
}


@ARTICLE{SatrianoUsatine2,
       author = {{Satriano}, Matthew and {Usatine}, Jeremy},
        title = "{A motivic change of variables formula for {A}rtin stacks}",
      journal = {arXiv e-prints},
     keywords = {Mathematics - Algebraic Geometry},
         year = 2021,
        month = sep,
          eid = {arXiv:2109.09800},
        pages = {arXiv:2109.09800},
archivePrefix = {arXiv},
       eprint = {2109.09800},
 primaryClass = {math.AG},
       adsurl = {https://ui.adsabs.harvard.edu/abs/2021arXiv210909800S},
      adsnote = {Provided by the SAO/NASA Astrophysics Data System}
}




@ARTICLE{SatrianoUsatine3,
       author = {{Satriano}, Matthew and {Usatine}, Jeremy},
        title = "{Crepant resolutions of log-terminal singularities via {A}rtin stacks}",
      journal = {arXiv e-prints},
     keywords = {Mathematics - Algebraic Geometry},
         year = 2023,
        month = may,
          eid = {arXiv:2304.11355},
        pages = {arXiv:2304.11355},
archivePrefix = {arXiv},
       eprint = {2304.11355},
 primaryClass = {math.AG},
}


@ARTICLE{SatrianoUsatine4,
       author = {{Satriano}, Matthew and {Usatine}, Jeremy},
        title = "{Beyond twisted maps:~applications to motivic integration}",
      journal = {arXiv e-prints},
     keywords = {Mathematics - Algebraic Geometry},
         year = 2023,
        month = {posted simultaneously with this paper, },
          eid = {},
        pages = {},
          doi = {},
archivePrefix = {arXiv},
       eprint = {},
 primaryClass = {math.AG},
       adsurl = {},
      adsnote = {Provided by the SAO/NASA Astrophysics Data System}
}



@ARTICLE{SatrianoUsatine5,
       author = {{Satriano}, Matthew and {Usatine}, Jeremy},
        title = "{Motivic integration for singular {A}rtin stacks}",
      journal = {arXiv e-prints},
     keywords = {Mathematics - Algebraic Geometry},
         year = 2023,
        month = {posted simultaneously with this paper, },
          eid = {},
        pages = {},
          doi = {},
archivePrefix = {arXiv},
       eprint = {},
 primaryClass = {math.AG},
       adsurl = {},
      adsnote = {Provided by the SAO/NASA Astrophysics Data System}
}

@misc{SGA3III,
  title={S{\'e}minaire de g{\'e}om{\'e}trie alg{\'e}brique du Bois Marie 1962-64. Sch{\'e}mas en groupes ({SGA} 3). {T}ome {III}: Structures des sch{\'e}mas en groupes reductiv},
  author={Demazure, M and Grothendieck, A and Artin, M and Bertin, JE and Gabriel, P and Raynaud, M and Serre, JP},
  year={2011},
  publisher={volume}
}

@article {SGA3,
    AUTHOR = {Milne, J. S.},
     TITLE = {{\it {S}\'{e}minaire de g\'{e}om\'{e}trie alg\'{e}brique du
              {B}ois {M}arie 1962--64. {S}ch\'{e}mas en groupes ({SGA} 3)}.
              {T}om {I}, {T}om {III} [book review of MR2867621; MR2867622]},
   JOURNAL = {Eur. Math. Soc. Newsl.},
  FJOURNAL = {European Mathematical Society. Newsletter},
    NUMBER = {87},
      YEAR = {2013},
     PAGES = {50--52},
      ISSN = {1027-488X},
   MRCLASS = {00A17},
  MRNUMBER = {3075444},
}

@misc{stacks-project,
  author       = {The {Stacks project authors}},
  title        = {The Stacks project},
  howpublished = {\url{https://stacks.math.columbia.edu}},
  year         = {2021},
}

@inproceedings {Steenbrink,
    AUTHOR = {Steenbrink, J. H. M.},
     TITLE = {Mixed {H}odge structure on the vanishing cohomology},
 BOOKTITLE = {Real and complex singularities ({P}roc. {N}inth {N}ordic
              {S}ummer {S}chool/{NAVF} {S}ympos. {M}ath., {O}slo, 1976)},
     PAGES = {525--563},
 PUBLISHER = {Sijthoff and Noordhoff, Alphen aan den Rijn},
      YEAR = {1977},
   MRCLASS = {14C30 (14B05 14D05)},
  MRNUMBER = {0485870},
MRREVIEWER = {Helmut Hamm},
}
	

@article {SpenkoVanDenBergh17,
    AUTHOR = {\v{S}penko, \v{S}pela and Van den Bergh, Michel},
     TITLE = {Non-commutative resolutions of quotient singularities for
              reductive groups},
   JOURNAL = {Invent. Math.},
  FJOURNAL = {Inventiones Mathematicae},
    VOLUME = {210},
      YEAR = {2017},
    NUMBER = {1},
     PAGES = {3--67},
      ISSN = {0020-9910},
   MRCLASS = {14A22 (13A50 14L24 16E35)},
  MRNUMBER = {3698338},
MRREVIEWER = {Arvid Siqveland},
       DOI = {10.1007/s00222-017-0723-7},
       URL = {https://doi.org/10.1007/s00222-017-0723-7},
}
	
@article {Thomason1987,
    AUTHOR = {Thomason, R. W.},
     TITLE = {Equivariant resolution, linearization, and {H}ilbert's
              fourteenth problem over arbitrary base schemes},
   JOURNAL = {Adv. in Math.},
  FJOURNAL = {Advances in Mathematics},
    VOLUME = {65},
      YEAR = {1987},
    NUMBER = {1},
     PAGES = {16--34},
      ISSN = {0001-8708},
   MRCLASS = {14L15 (14L30)},
  MRNUMBER = {893468},
MRREVIEWER = {Vladimir\ L.\ Popov},
       DOI = {10.1016/0001-8708(87)90016-8},
       URL = {https://doi.org/10.1016/0001-8708(87)90016-8},
}

@incollection {vdB2004,
    AUTHOR = {van den Bergh, Michel},
     TITLE = {Non-commutative crepant resolutions},
 BOOKTITLE = {The legacy of {N}iels {H}enrik {A}bel},
     PAGES = {749--770},
 PUBLISHER = {Springer, Berlin},
      YEAR = {2004},
   MRCLASS = {14A22 (14E15 16S38)},
  MRNUMBER = {2077594},
MRREVIEWER = {Adam Nyman},
}

@article {vdB10,
    AUTHOR = {Buchweitz, Ragnar-Olaf and Leuschke, Graham J. and Van den
              Bergh, Michel},
     TITLE = {Non-commutative desingularization of determinantal varieties
              {I}},
   JOURNAL = {Invent. Math.},
  FJOURNAL = {Inventiones Mathematicae},
    VOLUME = {182},
      YEAR = {2010},
    NUMBER = {1},
     PAGES = {47--115},
      ISSN = {0020-9910},
   MRCLASS = {13C14 (14A22 14E15 14M12 16E10 16S38)},
  MRNUMBER = {2672281},
MRREVIEWER = {Eivind Eriksen},
       DOI = {10.1007/s00222-010-0258-7},
       URL = {https://doi-org.proxy.lib.uwaterloo.ca/10.1007/s00222-010-0258-7},
}


@ARTICLE{vanDenBergh22,
       author = {{Van den Bergh}, Michel},
        title = "{Non-commutative crepant resolutions, an overview}",
      journal = {arXiv e-prints},
     keywords = {Mathematics - Algebraic Geometry},
         year = 2022,
        month = jul,
          eid = {arXiv:2207.09703},
        pages = {arXiv:2207.09703},
archivePrefix = {arXiv},
       eprint = {2207.09703},
 primaryClass = {math.AG},
      adsnote = {Provided by the SAO/NASA Astrophysics Data System}
}




@article {Vistoli89,
    AUTHOR = {Vistoli, Angelo},
     TITLE = {Intersection theory on algebraic stacks and on their moduli
              spaces},
   JOURNAL = {Invent. Math.},
  FJOURNAL = {Inventiones Mathematicae},
    VOLUME = {97},
      YEAR = {1989},
    NUMBER = {3},
     PAGES = {613--670},
      ISSN = {0020-9910},
   MRCLASS = {14C17 (14A20 14D20)},
  MRNUMBER = {1005008},
MRREVIEWER = {Steven E. Landsburg},
       DOI = {10.1007/BF01388892},
       URL = {https://doi.org/10.1007/BF01388892},
}
	




@article {Yasuda2004,
    AUTHOR = {Yasuda, Takehiko},
     TITLE = {Twisted jets, motivic measures and orbifold cohomology},
   JOURNAL = {Compos. Math.},
  FJOURNAL = {Compositio Mathematica},
    VOLUME = {140},
      YEAR = {2004},
    NUMBER = {2},
     PAGES = {396--422},
      ISSN = {0010-437X},
   MRCLASS = {14F43 (14A20 14B05 14C30)},
  MRNUMBER = {2027195},
MRREVIEWER = {Marco A. Garuti},
       DOI = {10.1112/S0010437X03000368},
       URL = {https://doi.org/10.1112/S0010437X03000368},
}




@article {Yasuda2006,
    AUTHOR = {Yasuda, Takehiko},
     TITLE = {Motivic integration over {D}eligne-{M}umford stacks},
   JOURNAL = {Adv. Math.},
  FJOURNAL = {Advances in Mathematics},
    VOLUME = {207},
      YEAR = {2006},
    NUMBER = {2},
     PAGES = {707--761},
      ISSN = {0001-8708},
   MRCLASS = {14A20 (14B10)},
  MRNUMBER = {2271984},
MRREVIEWER = {Julien Sebag},
       DOI = {10.1016/j.aim.2006.01.004},
       URL = {https://doi.org/10.1016/j.aim.2006.01.004},
}

@article{bejleri2024proper,
  title={Proper splittings and projectivity for good moduli spaces},
  author={Bejleri, Dori and Elmanto, Elden and Satriano, Matthew},
  journal={arXiv preprint arXiv:2408.11057},
  year={2024}
}



@ARTICLE{Yasuda2019,
       author = {{Yasuda}, Takehiko},
        title = "{Motivic integration over wild Deligne-Mumford stacks}",
      journal = {arXiv e-prints},
     keywords = {Mathematics - Algebraic Geometry, Mathematics - Number Theory, 14E18, 14D23, 14E16, 14B05, 11G25, 11S15},
         year = 2019,
        month = aug,
          eid = {arXiv:1908.02932},
        pages = {arXiv:1908.02932},
archivePrefix = {arXiv},
       eprint = {1908.02932},
 primaryClass = {math.AG},
       adsurl = {https://ui.adsabs.harvard.edu/abs/2019arXiv190802932Y},
      adsnote = {Provided by the SAO/NASA Astrophysics Data System}
}
