@article{BrubakerFriedbergHoffstein,
    AUTHOR = {Brubaker, Ben and Friedberg, Solomon and Hoffstein, Jeffrey},
     TITLE = {Cubic twists of {${\rm GL}(2)$} automorphic {$L$}-functions},
   JOURNAL = {Invent. Math.},
  FJOURNAL = {Inventiones Mathematicae},
    VOLUME = {160},
      YEAR = {2005},
    NUMBER = {1},
     PAGES = {31--58},
      ISSN = {0020-9910,1432-1297},
   MRCLASS = {11F66 (11F70 11M41 11N75)},
  MRNUMBER = {2129707},
MRREVIEWER = {Emmanuel\ P.\ Royer},
       DOI = {10.1007/s00222-004-0398-8},
       URL = {https://doi.org/10.1007/s00222-004-0398-8},
}

@Book{BrubakerBumpFriedberg,
author = {B. Brubaker and D. Bump and S. Friedberg},
title = {Weyl Group Multiple {D}irichlet Series: Type {A} Combinatorial Theory},
publisher = {Princeton University Press},
year = {2011},
volume = {175},
series = {Ann. of Math. Studies},
address = {Princeton, NJ},
}


@article{BrubakerBumpFriedberg2,
    AUTHOR = {Brubaker, Ben and Bump, Daniel and Friedberg, Solomon},
     TITLE = {Weyl group multiple {D}irichlet series, {E}isenstein series and crystal bases},
   JOURNAL = {Ann. of Math. (2)},
  FJOURNAL = {Annals of Mathematics. Second Series},
    VOLUME = {173},
      YEAR = {2011},
    NUMBER = {2},
     PAGES = {1081--1120},
      ISSN = {0003-486X,1939-8980},
   MRCLASS = {11F68 (11F30 11F70 11M32)},
  MRNUMBER = {2776371},
MRREVIEWER = {Anton\ Deitmar},
       DOI = {10.4007/annals.2011.173.2.13},
       URL = {https://doi.org/10.4007/annals.2011.173.2.13},
}

@article{BucurDiaconu,
    AUTHOR = {Bucur, Alina and Diaconu, Adrian},
     TITLE = {Moments of quadratic {D}irichlet {$L$}-functions over rational
              function fields},
   JOURNAL = {Mosc. Math. J.},
  FJOURNAL = {Moscow Mathematical Journal},
    VOLUME = {10},
      YEAR = {2010},
    NUMBER = {3},
     PAGES = {485--517, 661},
      ISSN = {1609-3321,1609-4514},
   MRCLASS = {11F68 (11M32)},
  MRNUMBER = {2732571},
MRREVIEWER = {Anton\ Deitmar},
       DOI = {10.17323/1609-4514-2010-10-3-485-517},
       URL = {https://doi.org/10.17323/1609-4514-2010-10-3-485-517},
}

@article{ChintaMohler,
    AUTHOR = {Chinta, Gautam and Mohler, Joel B.},
     TITLE = {Sums of {$L$}-functions over rational function fields},
   JOURNAL = {Acta Arith.},
  FJOURNAL = {Acta Arithmetica},
    VOLUME = {144},
      YEAR = {2010},
    NUMBER = {1},
     PAGES = {53--68},
      ISSN = {0065-1036,1730-6264},
   MRCLASS = {11F68 (11F30 11F66 11L05 11M38)},
  MRNUMBER = {2660555},
MRREVIEWER = {Solomon\ Friedberg},
       DOI = {10.4064/aa144-1-4},
       URL = {https://doi.org/10.4064/aa144-1-4},
}


@article{ChintaOffen,
    AUTHOR = {Chinta, Gautam and Offen, Omer},
     TITLE = {A metaplectic {C}asselman-{S}halika formula for {${\rm
              GL}_r$}},
   JOURNAL = {Amer. J. Math.},
  FJOURNAL = {American Journal of Mathematics},
    VOLUME = {135},
      YEAR = {2013},
    NUMBER = {2},
     PAGES = {403--441},
      ISSN = {0002-9327,1080-6377},
   MRCLASS = {22E50 (11F68 22E35)},
  MRNUMBER = {3038716},
MRREVIEWER = {Ivan\ Mati\'c},
       DOI = {10.1353/ajm.2013.0013},
       URL = {https://doi.org/10.1353/ajm.2013.0013},
}



@article{s-amds,
title={General multiple {D}irichlet series from perverse sheaves},
  volume = {262},
  ISSN = {0022-314X},
  note = {\url{http://dx.doi.org/10.1016/j.jnt.2024.03.020}},
  DOI = {10.1016/j.jnt.2024.03.020},
  journal = {Journal of Number Theory},
  publisher = {Elsevier BV},
  author = {Sawin,  Will},
  year = {2024},
  month = sep,
  pages = {408–453}
}


@article{Diaconu2004,
  doi = {10.1007/s00222-004-0363-6},
  url = {https://doi.org/10.1007/s00222-004-0363-6},
  year = {2004},
  month = jun,
  publisher = {Springer Science and Business Media {LLC}},
  volume = {157},
  number = {3},
  pages = {635--684},
  author = {Adrian Diaconu},
  title = {Mean square values of {H}ecke L-series formed with {$r$}-th order characters},
  journal = {Inventiones mathematicae}
}

@Article{DiaconuGoldfeldHoffstein,
    AUTHOR = {Diaconu, Adrian and Goldfeld, Dorian and Hoffstein, Jeffrey},
     TITLE = {Multiple {D}irichlet series and moments of zeta and
              {$L$}-functions},
   JOURNAL = {Compositio Math.},
  FJOURNAL = {Compositio Mathematica},
    VOLUME = {139},
      YEAR = {2003},
    NUMBER = {3},
     PAGES = {297--360},
      ISSN = {0010-437X,1570-5846},
   MRCLASS = {11M06 (11F66 11M41)},
  MRNUMBER = {2041614},
MRREVIEWER = {Emmanuel\ P.\ Royer},
       DOI = {10.1023/B:COMP.0000018137.38458.68},
       URL = {https://doi.org/10.1023/B:COMP.0000018137.38458.68},
}

@phdthesis{BrubakerThesis,
    author = {Ben Brubaker},
    title = {Analytic Continuation for Cubic Multiple {D}irichlet Series},
    school ={Brown University} ,
    year ={2003} 
}

@article{GoldfeldHoffstein,
    AUTHOR = {Goldfeld, Dorian and Hoffstein, Jeffrey},
     TITLE = {Eisenstein series of {${\frac12}$}-integral weight and the
              mean value of real {D}irichlet {$L$}-series},
   JOURNAL = {Invent. Math.},
  FJOURNAL = {Inventiones Mathematicae},
    VOLUME = {80},
      YEAR = {1985},
    NUMBER = {2},
     PAGES = {185--208},
      ISSN = {0020-9910,1432-1297},
   MRCLASS = {11F37 (11F30 11M41)},
  MRNUMBER = {788407},
MRREVIEWER = {L.\ A.\ Takhtajan (Takhtadzhyan)},
       DOI = {10.1007/BF01388603},
       URL = {https://doi.org/10.1007/BF01388603},
}

@article{HeckenbergerRank2,
  doi = {10.1007/s10468-007-9060-7},
  url = {https://doi.org/10.1007/s10468-007-9060-7},
  year = {2007},
  month = jun,
  publisher = {Springer Science and Business Media {LLC}},
  volume = {11},
  number = {2},
  pages = {115--132},
  author = {Istv\'{a}n Heckenberger},
  title = {Rank 2 Nichols Algebras with Finite Arithmetic Root System},
  journal = {Algebras and Representation Theory}
}

@article{AndruskiewitschAngiono,
  doi = {10.1007/s13373-017-0113-x},
  url = {https://doi.org/10.1007/s13373-017-0113-x},
  year = {2017},
  month = dec,
  publisher = {World Scientific Pub Co Pte Ltd},
  volume = {7},
  number = {3},
  pages = {353--573},
  author = {Nicol{\'{a}}s Andruskiewitsch and Iv{\'{a}}n Angiono},
  title = {On finite dimensional Nichols algebras of diagonal type},
  journal = {Bulletin of Mathematical Sciences}
}

@article{HeckenbergerClassification,
  doi = {10.1016/j.aim.2008.08.005},
  url = {https://doi.org/10.1016/j.aim.2008.08.005},
  year = {2009},
  month = jan,
  publisher = {Elsevier {BV}},
  volume = {220},
  number = {1},
  pages = {59--124},
  author = {Istv\'{a}n Heckenberger},
  title = {Classification of arithmetic root systems},
  journal = {Advances in Mathematics}
}

@article{ChintaGunnellsJAMS,
doi = {10.1090/s0894-0347-09-00641-9},
  url = {https://doi.org/10.1090/s0894-0347-09-00641-9},
  year = {2009},
  month = jul,
  publisher = {American Mathematical Society ({AMS})},
  volume = {23},
  number = {1},
  pages = {189--215},
  author = {Gautam Chinta and Paul Gunnells},
  title = {Constructing Weyl group multiple Dirichlet series},
  journal = {Journal of the American Mathematical Society}
}



@article{FriedbergHoffsteinLieman,
  doi = {10.1007/s00208-003-0455-4},
  url = {https://doi.org/10.1007/s00208-003-0455-4},
  year = {2003},
  month = oct,
  publisher = {Springer Science and Business Media {LLC}},
  volume = {327},
  number = {2},
  pages = {315--338},
  author = {Solomon Friedberg and Jeffrey Hoffstein and Daniel Lieman},
  title = {Double Dirichlet series and the {$n$}-th order twists of Hecke L-series},
  journal = {Mathematische Annalen}
}


@article{HeckenbergerWeyl,
  doi = {10.1007/s00222-005-0474-8},
  url = {https://doi.org/10.1007/s00222-005-0474-8},
  year = {2005},
  month = dec,
  publisher = {Springer Science and Business Media {LLC}},
  volume = {164},
  number = {1},
  pages = {175--188},
  author = {I. Heckenberger},
  title = {The Weyl groupoid of a Nichols algebra of diagonal type},
  journal = {Inventiones mathematicae}
}


@unpublished{Chang,
title={{H}urwitz spaces, {N}ichols algebras, and {I}gusa zeta functions},
note={arXiv:2306.10446 (version 2)},
url={https://arxiv.org/abs/2306.10446v2},
author={Kevin Chang},
year={2023}
}



@unpublished{Chen,
title={{E}isenstein Series on Metaplectic Covers and Multiple {D}irichlet Series},
note={arXiv:2411.13143 (version 2)},
url={https://arxiv.org/abs/2411.13143},
author={Yanze Chen},
year={2025}
}

@article{Rosso1998,
  title = {Quantum groups and quantum shuffles},
  volume = {133},
  ISSN = {1432-1297},
  url = {http://dx.doi.org/10.1007/s002220050249},
  DOI = {10.1007/s002220050249},
  number = {2},
  journal = {Inventiones Mathematicae},
  publisher = {Springer Science and Business Media LLC},
  author = {Rosso,  Marc},
  year = {1998},
  month = jul,
  pages = {399–416}
}

@article{KapranovSchechtman,
  title = {Shuffle algebras and perverse sheaves},
  volume = {16},
  ISSN = {1558-8602},
  url = {http://dx.doi.org/10.4310/PAMQ.2020.v16.n3.a9},
  DOI = {10.4310/pamq.2020.v16.n3.a9},
  number = {3},
  journal = {Pure and Applied Mathematics Quarterly},
  publisher = {International Press of Boston},
  author = {Kapranov,  Mikhail and Schechtman,  Vadim},
  year = {2020},
  pages = {573–657}
}

@article{McNamara,
    AUTHOR = {McNamara, Peter J.},
     TITLE = {The metaplectic {C}asselman-{S}halika formula},
   JOURNAL = {Trans. Amer. Math. Soc.},
  FJOURNAL = {Transactions of the American Mathematical Society},
    VOLUME = {368},
      YEAR = {2016},
    NUMBER = {4},
     PAGES = {2913--2937},
      ISSN = {0002-9947,1088-6850},
   MRCLASS = {22E35 (20G25 22E50)},
  MRNUMBER = {3449262},
MRREVIEWER = {Ivan\ Mati\'c},
       DOI = {10.1090/tran/6597},
       URL = {https://doi.org/10.1090/tran/6597},
}

@article{Vigre2010,
author={University of {G}eorgia {VIGRE} algebra group},
year={2010},
title={An analog of {K}ostant's theorem for the cohomology of quantum groups},
journal={Proceedings of the American Mathematical Society},
volume={138},
number={1},
pages={85–99},
url={http://www.jstor.org/stable/40590596}
}

@article{Drupieski2012,
  title = {Cohomology for infinitesimal unipotent algebraic and quantum groups},
  volume = {17},
  ISSN = {1531-586X},
  url = {http://dx.doi.org/10.1007/s00031-012-9181-x},
  DOI = {10.1007/s00031-012-9181-x},
  number = {2},
  journal = {Transformation Groups},
  publisher = {Springer Science and Business Media LLC},
  author = {Drupieski,  Christopher M. and Nakano,  Daniel K. and Ngo,  Nham V.},
  year = {2012},
  month = apr,
  pages = {393–416}
}

@article{Ginzburg1993,
  title = {Cohomology of quantum groups at roots of unity},
  volume = {69},
  ISSN = {0012-7094},
  url = {http://dx.doi.org/10.1215/S0012-7094-93-06909-8},
  DOI = {10.1215/s0012-7094-93-06909-8},
  number = {1},
  journal = {Duke Mathematical Journal},
  publisher = {Duke University Press},
  author = {Ginzburg,  Victor and Kumar,  Shrawan},
  year = {1993},
  month = jan 
}

@unpublished{HaseLiu24,
note={\url{https://arxiv.org/abs/2405.18152}},
title={A geometric approach to functional equations for general multiple {D}irichlet series over function fields},
author={Matthew Hase-Liu},
year={2024},
}

@PhdThesis{WhiteheadThesis,
author = {Ian Whitehead},
title = {Multiple {D}irichlet series for affine {W}eyl groups},
school = {Columbia University},
year = {2014}
}

@article{HFriedlander23,
  title = {Twisted Weyl group multiple Dirichlet series over the rational function field},
  volume = {253},
  ISSN = {0022-314X},
  url = {http://dx.doi.org/10.1016/j.jnt.2023.07.001},
  DOI = {10.1016/j.jnt.2023.07.001},
  journal = {Journal of Number Theory},
  publisher = {Elsevier BV},
  author = {Friedlander,  Holley},
  year = {2023},
  month = dec,
  pages = {337–367}
}
@article{HeckenbergerYamabe,
  title = {A generalization of {C}oxeter groups,  root systems,  and {M}atsumoto’s theorem},
  volume = {259},
  ISSN = {1432-1823},
  url = {http://dx.doi.org/10.1007/s00209-007-0223-3},
  DOI = {10.1007/s00209-007-0223-3},
  number = {2},
  journal = {Mathematische Zeitschrift},
  publisher = {Springer Science and Business Media LLC},
  author = {Heckenberger,  István and Yamane,  Hiroyuki},
  year = {2007},
  month = jul,
  pages = {255–276}
}

@unpublished{MPPRW,
title={Uniform twisted homological stability},
year={2024},
note={\url{https://arxiv.org/abs/2402.00354}},
author={Jeremy Miller and Peter Patzt and Dan Petersen and Oscar Randal-Williams},
}

@unpublished{DiaconuPasol,
author={Adrian Diaconu and Vicentiu Pa\c{s}ol},
title={Moduli of Hyperelliptic Curves and Multiple {D}irichlet Series},
year={2018},
note={\url{https://arxiv.org/abs/1808.09667}}
}

@unpublished{DiaconuPasolPopa,
      title={Quadratic Weyl group multiple Dirichlet series of Type $D_{\scriptscriptstyle 4}^{\scriptscriptstyle (1)}$}, 
      author={Adrian Diaconu and Vicenţiu Paşol and Alexandru A. Popa},
      year={2023},
      eprint={2111.11062},
      archivePrefix={arXiv},
      primaryClass={math.NT},
      url={https://arxiv.org/abs/2111.11062}, 
}

@article{DiaconuWhitehead,
  title = {On the third moment of {$L(\frac{1}{2},  \chi_{d})$ {II}:} the number field case},
  volume = {23},
  ISSN = {1435-9863},
  url = {http://dx.doi.org/10.4171/JEMS/1049},
  DOI = {10.4171/jems/1049},
  number = {6},
  journal = {Journal of the European Mathematical Society},
  publisher = {European Mathematical Society - EMS - Publishing House GmbH},
  author = {Diaconu,  Adrian and Whitehead,  Ian},
  year = {2021},
  month = feb,
  pages = {2051–2070}
}

@unpublished{BDPW,
title={Hyperelliptic curves, the scanning map, and moments of families of quadratic {$L$}-functions},
author={Jonas Bergstr\"om and Adrian Diaconu and Dan Petersen and Craig Westerland},
year={2023},
note={\url{https://arxiv.org/abs/2302.07664}}
}
@book{Bezrukavnikov1998,
  title = {Factorizable Sheaves and Quantum Groups},
  ISBN = {9783540692317},
  ISSN = {1617-9692},
  url = {http://dx.doi.org/10.1007/BFb0092343},
  DOI = {10.1007/bfb0092343},
  journal = {Lecture Notes in Mathematics},
  publisher = {Springer Berlin Heidelberg},
  author = {Bezrukavnikov,  Roman and Finkelberg,  Michael and Schechtman,  Vadim},
  year = {1998}
}

@article {PatnaikPuskas,
    AUTHOR = {Patnaik, Manish and Pusk\'as, Anna},
     TITLE = {On {I}wahori-{W}hittaker functions for metaplectic groups},
   JOURNAL = {Adv. Math.},
  FJOURNAL = {Advances in Mathematics},
    VOLUME = {313},
      YEAR = {2017},
     PAGES = {875--914},
      ISSN = {0001-8708,1090-2082},
   MRCLASS = {22E35 (33C15)},
  MRNUMBER = {3649240},
MRREVIEWER = {Ivan\ Mati\'c},
       DOI = {10.1016/j.aim.2017.04.005},
       URL = {https://doi.org/10.1016/j.aim.2017.04.005},
}

@article{Patterson,
  title = {Note on a paper of {J}. {H}offstein},
  volume = {49},
  ISSN = {1469-509X},
  url = {http://dx.doi.org/10.1017/S0017089507003540},
  DOI = {10.1017/s0017089507003540},
  number = {2},
  journal = {Glasgow Mathematical Journal},
  publisher = {Cambridge University Press (CUP)},
  author = {Patterson,  S. J.},
  year = {2007},
  month = may,
  pages = {243–255}
}

@article{Hoffstein,
author = {Hoffstein, Jeffrey},
journal = {Inventiones mathematicae},
keywords = {metaplectic theta functions; -fold cover of SL(2); Fourier coefficients; Eisenstein series; residues; rational function field; Rankin-Selberg integral; biquadratic theta series},
number = {1},
pages = {61-86},
title = {Theta functions on the {$n$}-fold metaplectic cover of {$SL (2)$} - the function field case.},
url = {http://eudml.org/doc/143957},
volume = {107},
year = {1992},
}

@article{WhiteheadTypeA,
  title = {Affine {W}eyl group multiple {D}irichlet series: type {$\widetilde{A}$}},
  volume = {152},
  ISSN = {1570-5846},
  url = {http://dx.doi.org/10.1112/S0010437X16007715},
  DOI = {10.1112/s0010437x16007715},
  number = {12},
  journal = {Compositio Mathematica},
  publisher = {Wiley},
  author = {Whitehead,  Ian},
  year = {2016},
  month = nov,
  pages = {2503–2523}
}

@article{Diaconu,
  title = {On the third moment of {$L(\frac{1}{2}, \chi_d)$} {I}: The rational function field case},
  volume = {198},
  ISSN = {0022-314X},
  url = {http://dx.doi.org/10.1016/j.jnt.2018.09.023},
  DOI = {10.1016/j.jnt.2018.09.023},
  journal = {Journal of Number Theory},
  publisher = {Elsevier BV},
  author = {Diaconu,  Adrian},
  year = {2019},
  month = may,
  pages = {1–42}
}

@article{Gao2023,
  title = {Moments of quadratic {D}irichlet {$L$}-functions over function fields},
  volume = {85},
  ISSN = {1071-5797},
  url = {http://dx.doi.org/10.1016/j.ffa.2022.102113},
  DOI = {10.1016/j.ffa.2022.102113},
  journal = {Finite Fields and Their Applications},
  publisher = {Elsevier BV},
  author = {Gao,  Peng and Zhao,  Liangyi},
  year = {2023},
  month = jan,
  pages = {102113}
}

@article{David2022,
  title = {The mean values of cubic {$L$}-functions over
function fields},
  volume = {16},
  ISSN = {1937-0652},
  url = {http://dx.doi.org/10.2140/ant.2022.16.1259},
  DOI = {10.2140/ant.2022.16.1259},
  number = {5},
  journal = {Algebra \& Number Theory},
  publisher = {Mathematical Sciences Publishers},
  author = {David,  Chantal and Florea,  Alexandra and Lalín,  Matilde},
  year = {2022},
  month = aug,
  pages = {1259–1326}
}

@misc{David2025,
  doi = {10.48550/ARXIV.2506.07815},
  url = {https://arxiv.org/abs/2506.07815},
  author = {David,  Chantal and Florea,  Alexandra and Lalin,  Matilde},
  keywords = {Number Theory (math.NT),  FOS: Mathematics,  FOS: Mathematics,  11M06,  11M38,  11R16,  11R58},
  title = {Nonvanishing of {$L$}--functions associated to fixed order characters over function fields},
  publisher = {arXiv},
  year = {2025},
  copyright = {Creative Commons Attribution 4.0 International}
}

@article{David2021,
  title = {Nonvanishing for cubic L-functions},
  volume = {9},
  ISSN = {2050-5094},
  url = {http://dx.doi.org/10.1017/fms.2021.62},
  DOI = {10.1017/fms.2021.62},
  journal = {Forum of Mathematics,  Sigma},
  publisher = {Cambridge University Press (CUP)},
  author = {David,  Chantal and Florea,  Alexandra and Lalin,  Matilde},
  year = {2021}
}

@article{Gao2025,
  title = {Upper Bounds for Shifted Moments of Quadratic Dirichlet L-Functions over Function Fields},
  ISSN = {2804-7370},
  url = {http://dx.doi.org/10.46298/hrj.2025.14247},
  DOI = {10.46298/hrj.2025.14247},
  journal = {Hardy-Ramanujan Journal},
  publisher = {Centre pour la Communication Scientifique Directe (CCSD)},
  author = {Gao,  Peng and Zhao,  Liangyi},
  year = {2025},
  month = apr 
}

@article{Cuntz2018,
  title = {On subsequences of quiddity cycles and {N}ichols algebras},
  volume = {502},
  ISSN = {0021-8693},
  url = {http://dx.doi.org/10.1016/j.jalgebra.2018.01.028},
  DOI = {10.1016/j.jalgebra.2018.01.028},
  journal = {Journal of Algebra},
  publisher = {Elsevier BV},
  author = {Cuntz,  M.},
  year = {2018},
  month = may,
  pages = {315–327}
}

@book{BKPP,
title={Cohomology for Quantum Groups via the Geometry of the Nullcone},
author={Christopher P. Bendel and Daniel K. Nakano and Brian J. Parshall  and Cornelius Pillen},
series={Memoirs of the American Mathematical Society},
volume={229}, year={2013}, pages={93}}