@ARTICLE{BDS,
       author = {{Bik}, Arthur and {Draisma}, Jan and {Snowden}, Andrew},
        title = "{Two improvements in Brauer's theorem on forms}",
      journal = {arXiv e-prints},
     keywords = {Mathematics - Number Theory, Mathematics - Algebraic Geometry},
         year = 2024,
        month = jan,
          eid = {arXiv:2401.02067},
        pages = {arXiv:2401.02067},
          doi = {10.48550/arXiv.2401.02067},
archivePrefix = {arXiv},
       eprint = {2401.02067},
 primaryClass = {math.NT},
       adsurl = {https://ui.adsabs.harvard.edu/abs/2024arXiv240102067B},
      adsnote = {Provided by the SAO/NASA Astrophysics Data System}
}

@article {Schmidt,
    AUTHOR = {Schmidt, Wolfgang M.},
     TITLE = {The density of integer points on homogeneous varieties},
   JOURNAL = {Acta Math.},
  FJOURNAL = {Acta Mathematica},
    VOLUME = {154},
      YEAR = {1985},
    NUMBER = {3-4},
     PAGES = {243--296}
}

@ARTICLE{Lee,
       author = {{Lee}, Siu-lun Alan},
        title = "{Birch's theorem in function fields}",
      journal = {arXiv e-prints},
     keywords = {Mathematics - Number Theory},
         year = 2011,
        month = sep,
          eid = {arXiv:1109.4953},
        pages = {arXiv:1109.4953},
          doi = {10.48550/arXiv.1109.4953},
archivePrefix = {arXiv},
       eprint = {1109.4953},
 primaryClass = {math.NT},
       adsurl = {https://ui.adsabs.harvard.edu/abs/2011arXiv1109.4953L},
      adsnote = {Provided by the SAO/NASA Astrophysics Data System}
}

@article {DL,
    AUTHOR = {Davenport, H. and Lewis, D. J.},
     TITLE = {Homogeneous additive equations},
   JOURNAL = {Proc. Roy. Soc. London Ser. A},
  FJOURNAL = {Proceedings of the Royal Society. London. Series A.
              Mathematical, Physical and Engineering Sciences},
    VOLUME = {274},
      YEAR = {1963},
     PAGES = {443--460},
      ISSN = {0962-8444,2053-9169},
   MRCLASS = {10.17},
  MRNUMBER = {153655},
MRREVIEWER = {W.\ J.\ LeVeque},
       DOI = {10.1098/rspa.1963.0143},
       URL = {https://doi.org/10.1098/rspa.1963.0143},
}







@article {Wooley,
    AUTHOR = {Wooley, Trevor D.},
     TITLE = {On the local solubility of {D}iophantine systems},
   JOURNAL = {Compositio Math.},
  FJOURNAL = {Compositio Mathematica},
    VOLUME = {111},
      YEAR = {1998},
    NUMBER = {2},
     PAGES = {149--165},
      ISSN = {0010-437X,1570-5846},
   MRCLASS = {11D72 (11D88 11E76)},
  MRNUMBER = {1606240},
MRREVIEWER = {R.\ C.\ Baker},
       DOI = {10.1023/A:1000298711968},
       URL = {https://doi.org/10.1023/A:1000298711968},
}

@article {Brauer,
    AUTHOR = {Brauer, Richard},
     TITLE = {A note on systems of homogeneous algebraic equations},
   JOURNAL = {Bull. Amer. Math. Soc.},
  FJOURNAL = {Bulletin of the American Mathematical Society},
    VOLUME = {51},
      YEAR = {1945},
     PAGES = {749--755},
      ISSN = {0002-9904},
   MRCLASS = {09.0X},
  MRNUMBER = {13127},
MRREVIEWER = {G.\ Whaples},
       DOI = {10.1090/S0002-9904-1945-08440-7},
       URL = {https://doi.org/10.1090/S0002-9904-1945-08440-7},
}

@article {LS,
    AUTHOR = {Leep, D. B. and Schmidt, W. M.},
     TITLE = {Systems of homogeneous equations},
   JOURNAL = {Invent. Math.},
  FJOURNAL = {Inventiones Mathematicae},
    VOLUME = {71},
      YEAR = {1983},
    NUMBER = {3},
     PAGES = {539--549},
      ISSN = {0020-9910,1432-1297},
   MRCLASS = {11D72 (11E99)},
  MRNUMBER = {695905},
MRREVIEWER = {D.\ J.\ Lewis},
       DOI = {10.1007/BF02095992},
       URL = {https://doi.org/10.1007/BF02095992},
}

@article {AH,
    AUTHOR = {Ananyan, Tigran and Hochster, Melvin},
     TITLE = {Small subalgebras of polynomial rings and {S}tillman's
              conjecture},
   JOURNAL = {J. Amer. Math. Soc.},
  FJOURNAL = {Journal of the American Mathematical Society},
    VOLUME = {33},
      YEAR = {2020},
    NUMBER = {1},
     PAGES = {291--309},
      ISSN = {0894-0347,1088-6834},
   MRCLASS = {13D05 (13F20)},
  MRNUMBER = {4066476},
MRREVIEWER = {Keri\ Sather-Wagstaff},
       DOI = {10.1090/jams/932},
       URL = {https://doi.org/10.1090/jams/932},
}

@book {Eisenbud,
    AUTHOR = {Eisenbud, David},
     TITLE = {Commutative algebra},
    SERIES = {Graduate Texts in Mathematics},
    VOLUME = {150},
      NOTE = {With a view toward algebraic geometry},
 PUBLISHER = {Springer-Verlag, New York},
      YEAR = {1995},
     PAGES = {xvi+785},
      ISBN = {0-387-94268-8; 0-387-94269-6},
   MRCLASS = {13-01 (14A05)},
  MRNUMBER = {1322960},
MRREVIEWER = {Matthew\ Miller},
       DOI = {10.1007/978-1-4612-5350-1},
       URL = {https://doi.org/10.1007/978-1-4612-5350-1},
}

@article {Skinner-HLS,
    AUTHOR = {Skinner, C. M.},
     TITLE = {Forms over number fields and weak approximation},
   JOURNAL = {Compositio Math.},
  FJOURNAL = {Compositio Mathematica},
    VOLUME = {106},
      YEAR = {1997},
    NUMBER = {1},
     PAGES = {11--29},
      ISSN = {0010-437X,1570-5846},
   MRCLASS = {14G05 (11G35 11P55)},
  MRNUMBER = {1446148},
MRREVIEWER = {Dan\ Abramovich},
       DOI = {10.1023/A:1000129818730},
       URL = {https://doi.org/10.1023/A:1000129818730},
}

@article {Skinner-phi,
    AUTHOR = {Skinner, Christopher},
     TITLE = {Solvability of systems of diagonal equations over {$p$}-adic
              local fields},
   JOURNAL = {Proc. Lond. Math. Soc. (3)},
  FJOURNAL = {Proceedings of the London Mathematical Society. Third Series},
    VOLUME = {122},
      YEAR = {2021},
    NUMBER = {2},
     PAGES = {207--228},
      ISSN = {0024-6115,1460-244X},
   MRCLASS = {11D88 (11D72 11E76 11G25)},
  MRNUMBER = {4218959},
MRREVIEWER = {Michael\ P.\ Knapp},
       DOI = {10.1112/plms.12318},
       URL = {https://doi.org/10.1112/plms.12318},
}

@ARTICLE{BL,
       author = {{Baily}, Benjamin and {Lampert}, Amichai},
        title = "{Strength, partition rank and algebraic closure}",
      journal = {arXiv e-prints},
     keywords = {Mathematics - Number Theory, Mathematics - Algebraic Geometry},
         year = 2024,
        month = sep,
          eid = {arXiv:2410.00248},
        pages = {arXiv:2410.00248},
          doi = {10.48550/arXiv.2410.00248},
archivePrefix = {arXiv},
       eprint = {2410.00248},
 primaryClass = {math.NT},
       adsurl = {https://ui.adsabs.harvard.edu/abs/2024arXiv241000248B},
      adsnote = {Provided by the SAO/NASA Astrophysics Data System}
}

@article {BDS-strength,
    AUTHOR = {Bik, Arthur and Draisma, Jan and Snowden, Andrew},
     TITLE = {The geometry of polynomial representations in positive
              characteristic},
   JOURNAL = {Math. Z.},
  FJOURNAL = {Mathematische Zeitschrift},
    VOLUME = {310},
      YEAR = {2025},
    NUMBER = {1},
     PAGES = {Paper No. 13, 39},
      ISSN = {0025-5874,1432-1823},
   MRCLASS = {14G17 (14L30)},
  MRNUMBER = {4881792},
       DOI = {10.1007/s00209-025-03720-y},
       URL = {https://doi.org/10.1007/s00209-025-03720-y},
}



