@book{macdonald1998symmetric,
  title={Symmetric functions and {H}all polynomials},
  author={Macdonald, Ian Grant},
  year={1998},
  publisher={Oxford university press}
}

@article{fomin1996yang,
  title={The {Y}ang-{B}axter equation, symmetric functions, and {S}chubert polynomials},
  author={Fomin, Sergey and Kirillov, Anatol N},
  journal={Discrete Mathematics},
  volume={153},
  number={1-3},
  pages={123--143},
  year={1996},
  publisher={Elsevier}
}
@article{bergeron1993rc,
  title={{RC}-graphs and {S}chubert polynomials},
  author={Bergeron, Nantel and Billey, Sara},
  journal={Experimental Mathematics},
  volume={2},
  number={4},
  pages={257--269},
  year={1993},
  publisher={Taylor \& Francis}
}
@article{bergeron,
  title={A combinatorial construction of the Schubert polynomials},
  author={Bergeron, Nantel},
  journal={J. Comb.
Theory},
  volume={A},
  number={60},
  pages={168--182},
  year={1992},
  publisher={Taylor \& Francis}
}
@article{LascouxS,
  title={Polyn{\^o}mes de {S}chubert},
  author={Lascoux, Alain and Sch{\"u}tzenberger, Marcel-Paul},
  journal={CR Acad. Sci. Paris S{\'e}r. I Math},
  volume={294},
  number={13},
  pages={447--450},
  year={1982}
}
@article{Wachs,
  title={Flagged Schur functions, Schubert polynomials, and symmetrizing operators},
  author={Wachs, Michelle L.},
  journal={J. Combin. Theory Ser. A},
  volume={40},
  number={2},
  pages={276--289},
  year={1985}
}
@article{demazure1974,
  title={D{\'e}singularisation des vari{\'e}t{\'e}s de {S}chubert g{\'e}n{\'e}ralis{\'e}es},
  author={Demazure, Michel},
  journal={Annales scientifiques de l'{\'E}cole Normale Sup{\'e}rieure},
  volume={7},
  number={1},
  pages={53--88},
  year={1974}
}
@article{bernstein1973schubert,
  title={Schubert cells and cohomology of the spaces ${G}/{P}$},
  author={Bernstein, I. N and Gel'fand, Israel M and Gel'fand, Sergei I},
  journal={Russian Mathematical Surveys},
  volume={28},
  number={3},
  pages={1},
  year={1973},
  publisher={IOP Publishing}
}

@article{billey1993some,
  title={Some combinatorial properties of {S}chubert polynomials},
  author={Billey, Sara C and Jockusch, William and Stanley, Richard P},
  journal={Journal of Algebraic Combinatorics},
  volume={2},
  number={4},
  pages={345--374},
  year={1993},
  publisher={Springer}
}

@article{littlewood1934group,
  title={Group characters and algebra},
  author={Littlewood, Dudley Ernest and Richardson, Archibald Read},
  journal={Philosophical Transactions of the Royal Society of London. Series A, Containing Papers of a Mathematical or Physical Character},
  volume={233},
  number={721-730},
  pages={99--141},
  year={1934},
  publisher={The Royal Society London}
}

@article{stembridge2002concise,
  title={A concise proof of the Littlewood-Richardson rule},
  author={Stembridge, John R},
  journal={the electronic journal of combinatorics},
  pages={N5--N5},
  year={2002}
}
@article{FOMIN1994196,
title = {Schubert Polynomials and the Nilcoxeter Algebra},
author = {S. Fomin and R.P. Stanley},
journal = {Advances in Mathematics},
volume = {103},
number = {2},
pages = {196-207},
year = {1994}
}
@article{EG,
title = {Balanced tableaux},
author = {Paul Edelman and Curtis Greene},
journal = {Advances in Mathematics},
volume = {63},
number = {1},
pages = {42-99},
year = {1987}
}
@article{lenartsottile,
title={Skew Schubert polynomials}, 
author={Cristian Lenart and Frank Sottile},
journal={Proc. Amer. Math. Soc.},
volume = {131},
pages = {3319-3328},
year = {2003}
}
@article{lam2021back,
  title={Back stable {S}chubert calculus},
  author={Lam, Thomas and Lee, Seung Jin and Shimozono, Mark},
  journal={Compositio Mathematica},
  volume={157},
  number={5},
  pages={883--962},
  year={2021},
  publisher={London Mathematical Society}
}

@article{stanleysymmetric,
title={On the number of reduced decompositions of elements of Coxeter groups}, 
author={Stanley, Richard P.},
journal={Eur. J. Comb},
volume = {5},
number= {4},
pages = {359-372},
year = {1984}
}

@article{balancedlabellings,
title = {Balanced Labellings and Schubert Polynomials},
journal = {European Journal of Combinatorics},
volume = {18},
number = {4},
pages = {373-389},
year = {1997},
issn = {0195-6698},
doi = {https://doi.org/10.1006/eujc.1996.0109},
url = {https://www.sciencedirect.com/science/article/pii/S0195669896901092},
author = {Fomin, Sergey and Greene, Curtis and Reiner, Victor and Shimozono, Mark}
}

%For Schur reference: Macdonald's book symmetric functions and.... (and references therein)


@article{RUBEY,
title = {Maximal 0â€“1-fillings of moon polyominoes with restricted chain lengths and rc-graphs},
journal = {Advances in Applied Mathematics},
volume = {48},
number = {2},
pages = {290-305},
year = {2012},
issn = {0196-8858},
doi = {https://doi.org/10.1016/j.aam.2011.05.005},
url = {https://www.sciencedirect.com/science/article/pii/S019688581100087X},
author = {Martin Rubey}
}

@book {EC2,
    AUTHOR = {Stanley, Richard P.},
     TITLE = {Enumerative combinatorics. {V}ol. 2},
    SERIES = {Cambridge Studies in Advanced Mathematics},
    VOLUME = {62},
      NOTE = {With a foreword by Gian-Carlo Rota and appendix 1 by Sergey
              Fomin},
 PUBLISHER = {Cambridge University Press, Cambridge},
      YEAR = {1999},
     PAGES = {xii+581},
      ISBN = {0-521-56069-1; 0-521-78987-7},
   MRCLASS = {05A15 (05-02 05E05 05E10 68R05)},
  MRNUMBER = {1676282},
MRREVIEWER = {Ira\ Gessel},
       DOI = {10.1017/CBO9780511609589},
       URL = {https://doi.org/10.1017/CBO9780511609589},
}