@phdthesis{rulin2024modeling,
  title={Modeling and Design of Assemblies with Discrete Equivalence Classes},
  author={Rulin, CHEN},
  year={2024},
  school={Singapore University of Technology and Design}
}

@article{grunbaum2001convex,
  title={A convex polyhedron which is not equifacettable},
  author={Gr{\"u}nbaum, Branko},
  journal={Geombinatorics},
  volume={10},
  number={4},
  pages={165--171},
  year={2001}
}
@article{mann2004heesch,
  title={Heesch's tiling problem},
  author={Mann, Casey},
  journal={The American Mathematical Monthly},
  volume={111},
  number={6},
  pages={509--517},
  year={2004},
  publisher={Taylor \& Francis}
}

@inproceedings{efimov1968hyperbolic,
  title={Hyperbolic problems in theory of surfaces},
  author={Efimov, NV},
  booktitle={Thirty-one invited addresses (eight in abstract) at the International Congress of Mathematicians in Moscow (1966)},
  pages={26--38},
  year={1968}
}

@book{heesch1968regulares,
  title={Regul{\"a}res parkettierungsproblem},
  author={Heesch, Heinrich},
  year={1968},
  publisher={Springer}
}


@article{meeks1990theory,
  title={The theory of triply periodic minimal surfaces},
  author={Meeks III, William H},
  journal={Indiana University Mathematics Journal},
  pages={877--936},
  year={1990},
  publisher={JSTOR}
}

@article{karcher1996construction,
  title={Construction of triply periodic minimal surfaces},
  author={Karcher, Hermann and Polthier, Konrad},
  journal={Philosophical Transactions of the Royal Society of London. Series A: Mathematical, Physical and Engineering Sciences},
  volume={354},
  number={1715},
  pages={2077--2104},
  year={1996},
  publisher={The Royal Society London}
}

@article{rajagopalan2006schwarz,
  title={Schwarz meets Schwann: design and fabrication of biomorphic and durataxic tissue engineering scaffolds},
  author={Rajagopalan, Srinivasan and Robb, Richard A},
  journal={Medical image analysis},
  volume={10},
  number={5},
  pages={693--712},
  year={2006},
  publisher={Elsevier}
}

@article{grosse2012triply,
  title={Triply periodic minimal and constant mean curvature surfaces},
  author={Grosse-Brauckmann, Karsten},
  journal={Interface focus},
  volume={2},
  number={5},
  pages={582--588},
  year={2012},
  publisher={The Royal Society}
}

@article{gu2010fundamentals,
  title={Fundamentals of computational conformal geometry},
  author={Gu, David Xianfeng and Luo, Feng and Yau, Shing-Tung},
  journal={Mathematics in Computer Science},
  volume={4},
  pages={389--429},
  year={2010},
  publisher={Springer}
}

@article{feng2022triply,
  title={Triply periodic minimal surface (TPMS) porous structures: from multi-scale design, precise additive manufacturing to multidisciplinary applications},
  author={Feng, Jiawei and Fu, Jianzhong and Yao, Xinhua and He, Yong},
  journal={International Journal of Extreme Manufacturing},
  volume={4},
  number={2},
  pages={022001},
  year={2022},
  publisher={IOP Publishing}
}

@book{adams2023tiling,
  title={The tiling book: An introduction to the mathematical theory of tilings},
  author={Adams, Colin},
  year={2023},
  publisher={American Mathematical Society}
}

@book{toth2017handbook,
  title={Handbook of discrete and computational geometry},
  author={Toth, Csaba D and O'Rourke, Joseph and Goodman, Jacob E},
  year={2017},
  publisher={CRC press}
}

@article{zong2020can,
  title={Can you pave the plane with identical tiles?},
  author={Zong, Chuanming},
  journal={Notices of the American Mathematical Society},
  volume={67},
  number={5},
  year={2020}
}
@incollection{schulte1993tilings,
  title={Tilings},
  author={Schulte, Egon},
  booktitle={Handbook of Convex Geometry},
  pages={899--932},
  year={1993},
  publisher={Elsevier}
}

@article{eppstein2021polyhedral,
  title={On polyhedral realization with isosceles triangles},
  author={Eppstein, David},
  journal={Graphs and Combinatorics},
  volume={37},
  pages={1247--1269},
  year={2021},
  publisher={Springer}
}


@book{grunbaum1987tilings,
  title={Tilings and patterns},
  author={Gr{\"u}nbaum, Branko and Shephard, Geoffrey Colin},
  year={1987},
  publisher={Courier Dover Publications}
}


@article{chen2023masonry,
  title={Masonry shell structures with discrete equivalence classes},
  author={Chen, Rulin and Qiu, Pengyun and Song, Peng and Deng, Bailin and Wang, Ziqi and He, Ying},
  journal={ACM Transactions on Graphics},
  volume={42},
  number={4},
  year={2023},
  publisher={Association for Computing Machinery (ACM)}
}

@article{jiang2015polyhedral,
  title={Polyhedral patterns},
  author={Jiang, Caigui and Tang, Chengcheng and Vaxman, Amir and Wonka, Peter and Pottmann, Helmut},
  journal={ACM Transactions On Graphics (TOG)},
  volume={34},
  number={6},
  pages={1--12},
  year={2015},
  publisher={ACM New York, NY, USA}
}


@inproceedings{bartovn2013circular,
  title={Circular arc snakes and kinematic surface generation},
  author={Barto{\v{n}}, Michael and Shi, Ling and Kilian, Martin and Wallner, Johannes and Pottmann, Helmut},
  booktitle={Computer Graphics Forum},
  volume={32},
  number={2pt1},
  pages={1--10},
  year={2013},
  organization={Wiley Online Library}
}

@incollection{singh2010triangle,
  title={Triangle surfaces with discrete equivalence classes},
  author={Singh, Mayank and Schaefer, Scott},
  booktitle={ACM SIGGRAPH 2010 papers},
  pages={1--7},
  year={2010}
}

@article{bo2011circular,
  title={Circular arc structures},
  author={Bo, Pengbo and Pottmann, Helmut and Kilian, Martin and Wang, Wenping and Wallner, Johannes},
  journal={ACM Transactions on Graphics (TOG)},
  volume={30},
  number={4},
  pages={1--12},
  year={2011},
  publisher={ACM New York, NY, USA}
}

	
@article{PW2008,
	  author={V Dos Passos and M Walter},
		title={3D mosaics with variable-sized tiles},
		journal={Visual Comput.},
		volume={24},
		year={2008},
		pages={618-623}}


@article{PW2009,
  title={3D virtual mosaics: Opus Palladium and mixed styles},
  author={Dos Passos, Vladimir Alves and Walter, Marcelo},
  journal={The Visual Computer},
  volume={25},
  pages={939--946},
  year={2009},
  publisher={Springer}
}

@article{chen2017fabricable,
  title={Fabricable tile decors},
  author={Chen, Weikai and Ma, Yuexin and Lefebvre, Sylvain and Xin, Shiqing and Mart{\'\i}nez, Jon{\`a}s and Wang, Wenping},
  journal={ACM Transactions on Graphics (TOG)},
  volume={36},
  number={6},
  pages={1--15},
  year={2017},
  publisher={ACM New York, NY, USA}
}

@article{hu2015surface,
  title={Surface mosaic synthesis with irregular tiles},
  author={Hu, Wenchao and Chen, Zhonggui and Pan, Hao and Yu, Yizhou and Grinspun, Eitan and Wang, Wenping},
  journal={IEEE transactions on visualization and computer graphics},
  volume={22},
  number={3},
  pages={1302--1313},
  year={2015},
  publisher={IEEE}
}

@article{fu2010k,
  title={K-set tilable surfaces},
  author={Fu, Chi-Wing and Lai, Chi-Fu and He, Ying and Cohen-Or, Daniel},
  journal={ACM transactions on graphics (TOG)},
  volume={29},
  number={4},
  pages={1--6},
  year={2010},
  publisher={ACM New York, NY, USA}
}

@incollection{eigensatz2010paneling,
  title={Paneling architectural freeform surfaces},
  author={Eigensatz, Michael and Kilian, Martin and Schiftner, Alexander and Mitra, Niloy J and Pottmann, Helmut and Pauly, Mark},
  booktitle={ACM SIGGRAPH 2010 papers},
  pages={1--10},
  year={2010}
}
	
@article{liu2023reducing,
  title={Reducing the number of different nodes in space frame structures through clustering and optimization},
  author={Liu, Yuanpeng and Lee, Ting-Uei and Koronaki, Antiopi and Pietroni, Nico and Xie, Yi Min},
  journal={Engineering Structures},
  volume={284},
  pages={116016},
  year={2023},
  publisher={Elsevier}
}
















	@article{kss2004,
	  author={M Kilian and N Schmitt and I Sterling},
		 title={Dressing {CMC} $n$-noids},
		 journal={Math. Z.},
		volume={246},
		year={2004},
		pages={501-519}}
	
	
	@article{izsata,
	author={S Izumiya and K Saji and M Takahashi},
	title={Horospherical flat surfaces in Hyperbolic 3-space},
	journal={J. Math. Soc. Japan},
	volume={62},
	year={2010},
	pages={789-849}}
	
	 @article{fukuihasegawa,
	  author={T Fukui and M Hasegawa},
		title={Singularities of parallel surfaces},
		journal={Tohoku Math. J. (2)},
		volume={64},
		year={2012},
		pages={387-408}}
	
	 @article{izumiyasaji,
	  author = {S Izumiya and K Saji},
		title={The mandala of {L}egendrian dualities for pseudo-spheres of {L}orentz-{M}inkowski space
		  and ``flat'' spacelike surfaces},
			journal={J. Singul.},
			volume={2},
			year={2010},
			pages={92-127}}
	
	@article{wood1977,
	  author={JC Wood},
		title={Singularities of harmonic maps and applications of the {G}auss-{B}onnet Formula},
		journal={Amer. J. Math.},
		volume={99},
		year={1977},
		pages={1329-1344}}
	
	@article{efimov1964,
  author = {N V Efimov},
  title = {Generation of singularities on surfaces of negative curvature},
  journal = {Mat. Sb. },
  volume = {64},
  pages = {286-320},
  year = {1964}}

@book{arnoldetal,
  author={VI Arnold and SM Gusein-Zade and AN Varchenko},
	title={Singularities of differentiable maps {I}},
	series={Monographs in Mathematics},
	volume={82},
	publisher={Birkh\"auser Boston, Inc.},
	year={1985}}
	
	
@book{arnold1990,
  author ={V I Arnold},
  title={Singularities of caustics and wave fronts},
  series = {Mathematics and its Applications (Soviet Series)},
  volume={62},
  publisher={Kluwer Academic Publishers Group, Dordrecht},
  year={1990}}
  
@book{dhkw,
  author={U Dierkes and S Hildebrandt and A K\"uster and O Wohlrab},
  title={Minimal surfaces. {I}. {B}oundary value problems},
  series={Grundlehren der {M}athematischen {W}issenschaften},
  volume={295},
  publisher={Springer-Verlag},
  year={1992}}

@book{adams,
  author = {J F Adams},
  title = {Lectures on {Lie} groups},
  publisher = {W. A. Benjamin, Inc.},
  year = {1969}}  

@book{kenmotsu2003,
  author={K Kenmotsu},
  title={Surfaces with constant mean curvature},
  series={Translations of Mathematical Monographs},
  volume={221},
  year={2003},
  publisher={American Mathematical Society}}
  
@book{grauertremmert,
  author = {H Grauert and R Remmert},
  title ={Theory of {S}tein spaces},
  publisher ={Springer-Verlag},
  year = {1979}}

@book{guest,
  author = {M A Guest},
  title = {Harmonic maps, loop groups, and integrable systems},
  series = {London Mathematical Society Student Texts},
  volume = {38},
  year = {1997},
  publisher = {Cambridge University Press}}


@book{kobnomII,
  author = {S Koboyashi and K Nomizu},
  title = {Foundations of differential geometry, volume II},
    series = {Wiley Classics},
  year ={1969},
  publisher = {John {W}iley and {S}ons}}

@book{wolf,
  author={J A Wolf},
  title={Spaces of constant curvature},
  publisher={McGraw-Hill Book Co.},
  year={1967}}

@book{perelomov,
  author = {A M Perelomov},
  title = {Integrable systems of classical mechanics and {Lie} algebras. Vol. I},
  publisher = {Birkhauser Verlag},
  year = {1990}}

@book{ablowitzclarkson,
  author = { M J Ablowitz and P A Clarkson},
  title = {Solitons, non-linear evolution equations and inverse scattering},
  publisher = {Cambridge Univ. Press},
  year = {1991}}

@book{fordywood,
  editor = {A P Fordy and J C Wood},
  title = {Harmonic maps and integrable systems},
  series = {Aspects of mathematics},
  publisher = {Vieweg},
  year = {1994}}

@book{PreS,
  author = {A Pressley and G Segal},
  title = {Loop Groups},
  series  = {Oxford Mathematical Monographs},
  publisher = {Clarendon Press, Oxford},
  year = {1986}}

@book{weinstein,
  author ={T Weinstein},
  title={An introduction to {L}orentz surfaces},
  series={de Gruyter Expositions in Mathematics},
  number={22},
  publisher={Walter de Gruyter \& Co., Berlin},
  year={1996}}

@article{birkhoff1, 
  author = {G D Birkhoff},
  title = {Singular points of ordinary differential equations},
  journal = {Trans. Amer. Math. Soc.},
  volume = {10},
  pages = {436-70},
  year = {1909}}

@article{birkhoff2, 
  author = {G D Birkhoff},
  title = {Equivalent singular points of ordinary linear 
        differential equations},
  journal = {Math. Ann.},
  volume = {74},
  pages = {134-9},
  year = {1913}}
  
@article{Birk,
 author = {G D Birkhoff},
   title = {A theorem on matrices of analytic functions},
   journal ={Math. Ann.},
   volume= {74}, 
   year={1913},
   pages={122-133}}

@article{whitney1944,
  author={H Whitney},
  title={The singularities of a smooth $n$-manifold in $(2n-1)$-space},
  journal={Ann. Math.},
  volume={45},
  pages={247-293},
  year={1944}}


@article{calabi1958,
  author = {E Calabi},
  title = {Construction and properties of some $6$-dimensional almost complex manifolds},
  journal = {Trans. Amer. Math. Soc.},
  volume = {87},
  year = {1958},
  pages = {407-438}}
  
@article{bungart,
  author ={L Bungart},
  title = {On analytic fiber bundles},
  journal = {Topology},
  volume ={7},
  year ={1968},
  pages={55-68}}

@article{hildebrandt1970,
  author={S Hildebrandt},
  title={On the {P}lateau problem for surfaces of constant mean curvature},
  journal={Comm. Pure Appl. Math.},
  volume={XXIII},
  pages={97-114},
  year={1970}}

@article{gulliver1971,
  author={R Gulliver},
  title={ON REGULARITY OF GENERALIZED SURFACES
OF CONSTANT MEAN CURVATURE},
  journal={Bull. Amer. Math. Soc.},
  volume={77},
  year={1971},
  pages={243-245}}


@article{akns1,
author = {M J Ablowitz and D J Kaup and A C Newell and H Segur},
title = {Method for solving the sine-{G}ordon equation},
journal = {Phys. Rev. Lett.},
volume = {30},
year = {1973},
pages = {1262-1264}},

@article{akns,
  author = {M J Ablowitz and D J Kaup and A C Newell and H Segur},
  title = {The inverse scattering transform - {Fourier} analysis for nonlinear problems},
  journal = {Stud. Appl. Math.},
  volume = {53},
  pages = {249-315},
  year = {1974}}

@article{leung1974,
  author = {D S P Leung},
  title = {On the classification of reflective submanifolds of {R}iemannian symmetric spaces},
  journal = {Indian Univ. Math. J.},
  volume = {24},
  pages={327-339},
  year = {1974}}

@article{leung1975,
author = {D S P Leung},
  title = {Errata: ``{O}n the classification of reflective submanifolds of {R}iemannian symmetric spaces''},
  journal = {Indian Univ. Math. J.},
  volume = {24},
  pages = {1199},
  year = {1975}}
  
@article{pohlmeyer,
  author = {K Pohlmeyer},
  title={Integrable {H}amiltonian systems and interactions through
  quadratic constraints},
  journal={Comm. Math. Phys.},
  volume={46},
  year={1976},
  number={3},
  pages={207-221}}

@article{cheng-yau,
  author ={S Y Cheng and S T Yau},
  title = {Maximal space-like hypersurfaces in the 
    {L}orentz-{M}inkowski spaces},
 journal={Ann. of Math.},
 volume={104},
 year={1976},
 pages={407-419}}

@article{kenmotsu,
  author ={K Kenmotsu},
  title={Weierstrass formula for surfaces of prescribed mean curvature},
  journal={Mat. Ann.},
  volume={245},
  year={1979},
  pages={89-99}}

@article{leung1979,
author = {D S P Leung},
  title = {Reflective submanifolds. {III}. Congruency of isometric reflective submanifolds and corrigenda to the classification of reflective submanifolds},
  journal = {J. Differential Geom.},
  volume = {14},
  page = {167-177},
  year = {1979}}
  

@article{zs,
  author = {V E Zakharov and A B Shabat},
  title = {Integration of non-linear equations of mathematical physics by 
  the inverse scattering method, {II}},
  journal = {Funct. Anal. Appl.},
  volume = {13},
  year = {1979},
  pages = {166-173}}
  

@article{kostant1979,
  author = {B Kostant},
  title = {The solution to a generalized {Toda} lattice and representation
            theory},
  journal = {Adv. in Math.},
  volume = {34},
  year = {1979},
  pages = {195-338}}

@article{krichever,
  author ={I M Krichever},
  title = {An analogue of the d'{A}lembert formula for the equations of a principal chiral
      field and the sine-{G}ordon equation},
  journal = {Dokl. Akad. Nauk SSSR},
  volume = {253},
  year = {1980},
  pages = {288-292},
  number ={2}}


@article{symes1980,
  author = {W W Symes},
  title = {Systems of {Toda} type, inverse spectral problems, and
            representation theory},
  journal = {Invent. Math.},
  volume = {59},
  year = {1980},
  pages = {13-51}}

@article{adlervanmoerbeke1,
  author = {M Adler and P van Moerbeke},
  title = {Completely integrable systems, {Euclidean} {Lie} algebras, and curves},
  journal = {Adv. in Math.},
  volume = {38},
  year = {1980},
  pages = {267-317}}

@article{adlervanmoerbeke2,
  author = {M Adler and P van Moerbeke},
  title = {Linearization of {Hamiltonian} systems, {Jacobi} varieties and
           representation theory},
  journal = {Adv. in Math.},
  volume = {38},
  year = {1980},
  pages = {318-379}}

@article{ferus1980,
  author = {D Ferus},
  title = {Symmetric submanifolds of {E}uclidean space},
  journal = {Math. Ann.},
  volume = {247},
  page = {81-93},
  year = {1980}}

@article{terng1980,
  author = {C L Terng},
  title = {A higher dimensional generalisation of the sine-{G}ordon equation
    and its soliton theory},
  journal = {Ann. Math.},
  volume ={111},
  year = {1980},
  pages = {491-510}}
  
  @article{terngtenenblat,
  author = {K Tenenblat and C L Terng},
  title = {Baecklund's theorem for $n$-dimensional submanifolds 
     of $\real^{2n-1}$},
  journal = {Ann. Math.},
  volume = {111},
  year = {1980},
  pages = {477-490}}
  
@article{kupershmidtwilson,
  author = {B A Kupershmidt and G Wilson},
  title = {Modifying {Lax} equations and the second {Hamiltonian} structure},
  journal = {Invent. Math.},
  volume = {62},
  pages = {403-436},
  year = {1981}}

@article{ejiri,
  author = {N Ejiri},
  title = {Totally real submanifolds in a 6-sphere},
  journal = {Proc. Amer. Math. Soc.},
  volume = {83},
  year = {1981},
  number = {4},
  pages = {759-763}}

@article{bartniksimon,
  author = {R Bartnik and L Simon},
  title={Spacelike hypersurfaces with prescribed boundary values and
    mean curvature},
  journal ={Commun. Math. Phys.},
  volume={87},
  pages ={131-152},
  year={1982}}

@article{harveylawson,
  author = {R Harvey and H B Lawson},
  title = {Calibrated geometries},
  journal = {Acta Math.},
  volume = {148},
  year = {1982},
  pages = {47-157}}

@article{bryant1982,
  author = {R L Bryant},
  title = {Submanifolds and special structures on the octonians},
  journal = {J. Differential Geom.},
  volume = {17},
  year = {1982},
  number = {2},
  pages = {185-232}}

@article{drinfeldsokolov1981,
  author = {V G Drinfel'd and V V Sokolov},
  title = {Equations of {Korteweg}-de {Vries} type, and simple {Lie} algebras},
  Journal = {Dokl. Akad. Nauk SSSR},
  volume = {258},
  year = {1981},
  pages = {11-16}}

@article{Trei1,
  author={A Treibergs},
  title={Entire spacelike hypersurfaces of constant mean curvature in     {M}inkowski space}, 
  note={Seminar on Differential Geometry}, 
  pages={229-238}, 
  journal={Ann. of Math. Stud.},
  number={102},
  publisher={Princeton Univ. Press, Princeton, N.J.},
  year={1982}} 

@article{milnor,
  author={T K Milnor},
  title={Harmonic maps and classical surface theory in {M}inkowski 3-space},
  journal={Trans. Amer. Math. Soc.},
  volume={208},
  year={1983},
  pages={161-185}}

@article{HanoNom,
  author={J Hano and K Nomizu}, 
  title={Surfaces of revolution with constant mean curvature in {L}orentz-{M}inkowski space},
  journal={Tohoku Math. J. (2)},
  volume={36},
  year={1984},
  number={3},
  pages={427-437}}

@article{reckziegel,
  author = {H Reckziegel},
  title = {Horizontal lifts of isometric immersions into the bundle space
    of a pseudo-{R}iemannian submersion},
  journal = {Global differential geometry and global analysis (1984), 
     Lecture Notes Math.},
  volume = {1156},
  year = {1985},
  pages = {264-279}}

@article{sattinger,
  author = {D H Sattinger},
  title = {Hamiltonian hierarchies on semisimple {Lie} algebras},
  journal = {Stud. Appl. Math.},
  volume = {72},
  pages = {65-86},
  year = {1985}}
   
  
  
@incollection{sym1985,
  author = {A Sym},
  title = {Soliton surfaces and their applications},
  booktitle = {Geometric aspects of the {E}instein equations and integrable systems},
  series = {Lecture Notes in Physics},
  volume = {239},
  publisher = {Springer},
  year = {1985},
  pages = {154-231}}

@article{tenenblat,
  author = {K Tenenblat},
  title = {Backlund's theorem for submanifolds of space forms and a generalized wave equation},
  journal = {Bol. Soc. Brasil. Mat.},
  volume = {16},
  pages = {69-94},
  year = {1985}}

@article{griffiths,
  author = {P A Griffiths},
  title = {Linearizing Flows and a Cohomological Interpretation of
         {Lax} Equations},
  journal = {Amer. J. Math.},
  volume = {107},
  pages = {1445-1484},
  year = {1985}}

@article{hitchin1986,
  author = {N J Hitchin},
  title = {Harmonic maps from ${T}^2$ to ${S}^3$},
  journal = {Adv. Ser. Math. Phys.},
  volume = {4},
  pages = {103-112},
  year = {1986}}

@article{bartnikacta,
  author={R Bartnik},
  title={Regularity of variational maximal surfaces},
  journal={Acta Math.},
  volume={161},
  year={1988},
  pages={145-181}}

@article{HI,
  author={T Ishihara and F Hara},
  title={Surfaces of revolution in the {L}orentzian $3$-space}, 
  journal={J. Math Tokushima Univ.},
  volume={22},
  year={1989},
  pages={1-13}}  

@article{hitchin1990,
  author = {N J Hitchin},
  title = {Harmonic maps from a 2-torus to the 3-sphere},
  journal = {J. Diff. Geom.},
  volume = {31},
  pages = {627-710},
  year = {1990}}
  


@article{wente,
  author = {H C Wente},
  title = {Counterexample to a conjecture of {H}. {Hopf}},
  journal = {Pacific J. Math.},
  volume = {121},
  pages = {193-243},
  year = {1986}}

@article{dovv,
  author = {F Dillen and B Opozda and L Verstraelen and L Vrancken},
  title = {On totally real surfaces of the nearly {K}aehler 6-sphere},
  journal = {Geometriae Dedicata},
  volume = {27},
  year = {1988},
  pages = {325-334}}

@article{kitagawa,
  author = {Y Kitagawa},
  title = {Periodicity of the asymptotic curves on flat tori in ${S}^3$},
  journal = {J. Math. Soc. Japan},
  volume = {40},
  pages = {457-476},
  year = {1988}}

@article{shcherbak,
  author={O Shcherbak},
  title={Wave fronts and reflection groups},
  journal={Uspekhi Mat. Nauk},
  volume={43},
  year={1988},
  number={3(261)},
  pages={125-160},
  note={Translation in: Russian Math. Surveys \textbf{43} (1988), 
  no. 3, 149--194}}

@article{pinkallsterling,
  author = {U Pinkall and I Sterling},
  title = {On the Classification of Constant Mean Curvature Tori},
  journal = {Ann. of Math. (2)},
  volume = {130}, 
  year = {1989},
  pages = {407-451}}


@article{Uhl,
  author = {K Uhlenbeck},
  title = {Harmonic maps into {L}ie groups: classical solutions of
   the chiral model},
  journal = {J. Differential Geom.},
  volume = {30},
  year = {1989},
  pages = {1-50}}

@article{bobenko1990,
  author = {A I Bobenko},
  title = {Integrable surfaces},
  journal = {Funktsional. Anal. {i} Prilozhen},
  volume = {24},
  year = {1990},
  number = {3},
  pages = {68-69}}

@article{ohnitavalli,
  author = {Y Ohnita AND G Valli},
  title = {Pluriharmonic maps into compact Lie groups and factorization into unitons},
  journal = {Proc. London Math. Soc. (3)},
  volume = {61},
  year = {1990},
  pages = {546-570}}
  
@article{hitchin1990,
  author = {N J Hitchin},
  title = {Harmonic maps from a 2-torus to the 3-sphere},
  journal = {J. Differential Geom.},
  volume = {31},
  year = {1990},
  pages = {627-710}}
  
@article{akutagawanishikawa,
  author={K Akutagawa and S Nishikawa},
  title={The {G}auss map and spacelike surfaces with prescribed mean curvature
  in {M}inkowski 3-space},
  journal={Tohoku Math. J. (2)},
  volume={42},
  year={1990},
  pages={67-82}}
  

@article{treibergschoi,
  author={H Y Choi and A Treibergs},
  title={Gauss maps of spacelike constant mean curvature hypersurfaces of             {M}inkowski space},
  journal={J. Differential Geom.},
  volume={32},
  year={1990},
  pages={775-817}}

@article{bealstenenblat,
  author = {R Beals and K Tenenblat},
  title = {An instrinsic generalization for the wave and sine-{Gordon}
           equations},
  journal = {Pitman Monogr. Surveys Pure Appl. Math.},
  volume = {52},
  year = {1991},
  pages = {25-46}}


@article{bobenko,
  author = {A I Bobenko},
  title = {All constant mean curvature tori in ${R}^3$, ${S}^3$, ${H}^3$ in terms
           of theta-functions}, 
  journal = {Math. Ann.},
  volume = {290},
  pages = {209-245},
  year = {1991}}

@article{Bob:cmc,
  author ={A I Bobenko},
  title = {Surfaces of constant mean curvature and integrable equations},
  journal = {Uspekhi Mat. Nauk},
  volume = {46:4},
  year = {1991},
  pages = {3-42},
  note={Translation in: Russian Math. Surveys, \textbf{46} (1991), 1-45}}
  
@article{wan,
  author={T Y H Wan},
  title= {Constant mean curvature surface, harmonic maps, and universal 
{T}eichm\"uller space},
  journal={J. Diff. Geom.},
  volume={35},
  year={1992},
  pages={643-657}} 

@article{ferus1992,
  author = {D Ferus},
  title = {Surface theory, harmonic maps and commuting {Hamiltonian} flows},
  journal = {Differential geometry and topology (Alghero, 1992)},
  year = {1993},
  pages = {71-89}}

@article{fpps,
  author = {D Ferus and F Pedit and U Pinkall and I Sterling},
  title = {Minimal tori in ${S}^4$},
  journal = {J. reine angew. Math.},
  volume = {429},
  year = {1992},
  pages = {1-47}}


@article{bfpp,
  author = {F E Burstall and D Ferus and F Pedit and U Pinkall},
  title = {Harmonic tori in symmetric spaces and commuting {Hamlitonian} 
           systems on loop algebras},
  journal = {Ann. of Math. (2)},
  volume = {138},
  pages = {173-212},
  year = {1993}}

@article{smyth,
  author = {B Smyth},
  title = {A generalization of a theorem of {D}elaunay on constant mean curvature surfaces},
  journal ={IMA Vol. Math. Appl},
  volume ={51},
  pages={123-130},
  year ={1993}}

@article{melkosterling,
 author={M Melko and I Sterling},
 title = {Application of soliton theory to the construction of pseudospherical surfaces in {${\bf R}^3$}},
 journal={Ann. Global Anal. Geom.},
 volume={11},
 year={1993},
 pages={65-107}}
 
 
 
@article{wan2,
  author={T Y H Wan and T K K Au},
  title={Parabolic constant mean curvature spacelike surfaces},
  journal={Proc. Amer. Math. Soc.},
  volume={120},
  year={1994},
  pages={559-564}}

@incollection{burstallpedit,
  author = {F E Burstall and F Pedit},
  title = {Harmonic maps via {Adler}-{Kostant}-{Symes} theory},
  booktitle = {Harmonic maps and integrable systems},
  publisher = {Vieweg},
  year = {1994},
  series  = {Aspects of Mathematics},
  number = {E23}}
  pages = {221-272}} 

@article{FerPT,
  author={M Timmreck and U Pinkall and D Ferus},
  title={Constant mean curvature planes with inner rotational
   symmetry in {E}uclidean $3$-space},
  journal={Math. Z.},
  volume={215},
  year={1994},
  pages={561-568}}


@incollection{bobenko1994,
  author = {A I Bobenko},
  title = {Surfaces in terms of 2 by 2 matrices. {O}ld and new integrable cases},
  booktitle = {Harmonic maps and integrable systems},
  publisher = {Vieweg},
  year = {1994},
  series  = {Aspects Math.},
  number = {E23},
  pages = {83-127}} 

@article{bi,
 author ={A I Bobenko and A Its},
 title={The {P}ainleve {III} equation and the {I}wasawa decomposition},
 journal={Manuscripta Math.},
 volume={87}, 
 pages={369--377},
 year={1995}}
  

@article{burstall1995,
  author = {F Burstall},
  title = {Harmonic tori in spheres and complex projective spaces},
  journal = {J. Reine Angew. Math.},
  volume = {469},
  year = {1995},
  pages = {149-177}}
  
@article{burstallpedit1995,
  author = {F E Burstall and F Pedit},
  title = {Dressing orbits of harmonic maps},
  journal = {Duke Math. J.},
  volume = {80},
  pages = {353-382},
  year = {1995}}

@article{feruspedit1996,
  author = {D Ferus and F Pedit},
  title = {Isometric immersions of space forms and soliton theory},
  journal = {Math. Ann.},
  volume = {305},
  year = {1996},
  pages = {329-342}}

@article{feruspedit1996II,
  author = {D Ferus and F Pedit},
  title = {Curved flats in symmetric spaces},
  journal = {Manuscripta Math.},
  volume = {91},
  year = {1996},
  pages = {445-454}}

@article{bhpp,
  author = {F Burstall and U Hertrich-Jeromin and F Pedit and U Pinkall},
  title = {Curved flats and isothermic surfaces},
  journal = {Math. Z.},
  volume = {225},
  year = {1997},
  pages = {199-209}}

@article{inoguchi,
  author={J Inoguchi},
  title={Surfaces in {M}inkowski 3-space and harmonic maps},
  journal={Harmonic morphisms, harmonic maps, and related topics (Brest, 1997)},
  pages={249-270},
  note={Chapman \& Hall/CRC Res. Notes Math., \textbf{413}, Chapman
   \& Hall/CRC, Boca Raton, FL, 2000}}
@article{terng1997,
  author={C L Terng},
  title={Solitons and differential geometry},
  journal={J. Differential Geometry},
  volume={45},
  year={1997},
  pages={407-445}}
   

@article{dorfmeisterpedittoda,
  author = {J Dorfmeister and F Pedit and M Toda},
  title = {Minimal surfaces via loop groups},
  journal = {Balkan J. Geom. Appl.},
  volume = {2},
  year = {1997},
  pages = {25-40}}

@article{dadoksha,
  author = {J Dadok and J P Sha},
  title = {On embedded flat surfaces in ${S}^3$.},
  journal = {J. Geom. Anal.},
  volume = {7},
  year = {1997},
  pages = {47-55}}

@article{DPW,
  author = {J Dorfmeister and F Pedit and H Wu},
  title = {Weierstrass type representation of harmonic maps into
           symmetric spaces},
  journal = {Comm. Anal. Geom.},
  volume = {6},
  year = {1998},
  pages = {633-668}}

@article{nicolayevsky,
  author = {Y A Nikolayevsky},
  title = {Non-immersion theorem for a class of hyperbolic manifolds},
  journal = {Differential Geom. App.},
  volume = {9},
  number = {3}, 
  year = {1998},
  pages = {239-242}}
  
@article{dodd,
  author = {R K Dodd},
  title = {Soliton immersions},
  journal = {Comm. Math. Phys.},
  volume = {197},
  pages = {641-665},
  year = {1998}}
  
  @article{wu1999,
  author = {H Wu},
  title = {A simple way for determining the normalized potentials for harmonic maps},
  journal = {Ann. Global Anal. Geom.},
  volume = {17},
  pages = {189-199},
  year = {1999}}
  

@incollection{hitchin1999,
  author = {N Hitchin},
  title = {Integrable systems and {Riemann} Surfaces},
  booktitle = {Integrable systems: twistors, loop groups and Riemann Surfaces},
  publisher = {Clarendon Press},
  year = {1999},
  series = {Oxford graduate texts in mathematics},
  number = {4}}

@book{Kell,
  author = {P Kellersch},
  title = {Eine {V}erallgemeinerung der {I}wasawa {Z}erlegung in {L}oop {G}ruppen},
  publisher = {{TU} {M}unich},
  series = {PhD Thesis},
  year = {1999}}



@article{DH98,
  author ={J Dorfmeister and G Haak},
  title={On symmetries of constant mean curvature surfaces. {I}. {G}eneral   theory},
  journal={Tohoku Math. J. (2)},
  volume={50},
  pages={437-454},
  year={1998}}
 
@article{bdmetal,
  author={A Boutet de Monvel and E Ya Khruslov and V P Kotlyarov},
  title={The {C}auchy problem for the sinh-{G}ordon equation and regular solitons},
  journal={Inverse Problems},
  volume={14},
  year={1998},
  pages={1403-1427}}
  
  
  

@article{KMS,
  author={M Kilian and I McIntosh and N Schmitt}, 
  title={New constant mean curvature surfaces}, 
  journal={Experiment. Math.},
  volume={9},
  year={2000},
  pages={595-611}} 
  
@article{DorH:cyl,
  author ={J Dorfmeister and G Haak},
  title={Construction of non-simply connected {CMC} surfaces via
  dressing},
  journal={J. Math. Soc. Japan},
  volume={55},
  year={2003},
  number={2},
  pages={335-364}}
 
  
  
@article{dorfech,
  author = {J Dorfmeister and J.-H Eschenburg},
  title = {Pluriharmonic maps, loop groups and twistor theory},
  journal = {Ann. Global Anal. Geom.},
  volume = {24},
  year = {2003},
  pages = {301-321}}
  
@article{heleinromon,
  author = {F H\'{e}lein and P Romon},
  title = {Hamiltonian stationary Lagrangian surfaces in {${\bf C}^2$}},
  journal = {Comm. Anal. Geom.},
  volume = {10},
  year = {2002},
  pages = {79-126}}


@article{ternguhlenbeck2000,
  author = {C L Terng and K Uhlenbeck},
  title = {Backlund transformations and loop group actions},
  journal = {Comm. Pure. Appl. Math.},
  volume = {53},
  pages = {1-75},
  year = {2000}}

@article{guest2000,
  author = {M A Guest},
  title = {An uptdate on harmonic maps of finite uniton number, via the
           zero curvature equation},
  journal = {Integrable systems, topology, and physics (Tokyo, 2000)},
  series = {Contemp. Math., 309},
  year = {2000},
  pages = {85-113}}

@article{DH97,
   author ={J Dorfmeister and G Haak},
  title={Meromorphic potentials and smooth surfaces of constant mean curvature},
  journal={Math. Z.},
  volume={224},
  pages={603-640},
  year={1997}}
	
@article{BD,
  author = {V Balan and J Dorfmeister},
  title = {Birkhoff decompositions and {I}wasawa decompositions for loop
   groups}, 
  journal = {Tohoku Math. J.},
  volume = {53},
  year = {2001},
  pages = {593-615}}

@article{bdpt2002,
  author = {M Br\"{u}ck and X Du and J Park and C L Terng},
  title = {The submanifold geometries associated to Grassmannian systems},
  journal = {Mem. Amer. Math. Soc. 155},
  number = {735},
  pages = {viii + 95 pp.},
  year = {2002}}

@article{dorfeitner,
  author = {J Dorfmeister and U Eitner},
  title = {Weierstrass-type representation of affine spheres},
  journal = {Abh. Math. Sem. Univ. Hamburg},
  volume = {71},
  year = {2001},
  pages = {225-250}}

@article{terng2002,
  author = {C L Terng},
  title = {Geometries and symmetries of soliton equations and integrable elliptic equations},
  journal = {arXiv preprint:0212372},
  year = {2002}}

@article{ternguhlenbeck2004,
  author = {C L Terng and K Uhlenbeck},
  title = {$1+1$ wave maps into symmetric spaces},
  journal ={Comm. Anal. Geom.},
  volume ={12},
  pages={345-388},
  year={2004}}
  
@article{naitoh1986,
  author = {H Naitoh},
  title = {Symmetric submanifolds of compact symmetric spaces},
  journal = {Tsukuba J. Math.},
  volume = {10},
  pages = {215-242},
  year = {1986}}
  
@article{naitoh1993,
  author = {H Naitoh},
  title = {Compact simple Lie algebras with two involutions and submanifolds of compact symmetric spaces {I}, {II}},
  journal = {Osaka J. Math.},
  volume = {30},
  page = {653-690, 691-732},
  year = {1993}}
  
 @article{nikolayevsky,
  author = {Y A Nikolayevsky},
  title = {A non-immersion theorem for a class of hyperbolic manifolds},
  journal = {Differential Geom. Appl.},
  volume = {9},
  pages = {239-242},
  year = {1998}}
   
@article{naitoh1998,
  author = {H Naitoh},
    title = {Grassman geometries on compact symmetric spaces of general type},
    journal = {J. Math. Soc. Japan},
    volume = {50},
    page = {557-592},
    year = {1998}}

@article{lopez2000,
  author={R L\'opez},
  title={Timelike surfaces with constant mean curvature in {L}orentz three-space},
  journal={Tohoku Math. J.},
  volume={52},
  year={2000},
  pages={515-532}}
  


@article{naitoh2000I,
  author = {H Naitoh},
    title = {Grassman geometries on compact symmetric spaces of exceptional type},
    journal = {Japanese J. Math.},
    volume = {26},
    page = {157-206},
    year = {2000}}
    
@article{naitoh2000II,
  author = {H Naitoh},
    title = {Grassman geometries on compact symmetric spaces of classical type},
    journal = {Japanese J. Math.},
    volume = {26},
    page = {219-319},
    year = {2000}}

@article{muller2002,
  author = {F M\"uller},
    title = {Analyticity of solutions for semilinear elliptic systems
of second order},
    journal = {Calc. Var. Partial Differential Equations},
    volume = {15},
    pages= {257-288},
    year = {2002}}
    
    
@article{dit2000,
  author={J Dorfmeister and J Inoguchi and M Toda},
  title={Weierstrass-type representation of timelike surfaces with constant mean curvature},
  pages={77-99},
  journal={Contemp. Math.},
  volume={308},
  year={2002},
  note={Amer. Math. Soc., Providence, RI}}
  
    
@article{aliaschavesmira2003,
  author={L J Al\'ias and R M B Chaves and P Mira},
  title={Bj\"orling problem for maximal surfaces in {L}orentz-{M}inkowski space},
  journal={Math. Proc. Cambridge Philos. Soc.},
  year={2003},
  volume={134},
  pages={289-316}}

@article{kilian,
  author={M Kilian},
  title={On the associated family of {D}elaunay surfaces},
  journal={Proc. Amer. Math. Soc.},
  volume={132},
  year={2004},
  pages={3075-3082}}

@article{galvezmira2004,
  author={J G\'alvez and P Mira},
  title={Dense solutions to the {C}auchy problem for minimal surfaces},
  journal={Bull. Braz. Math. Soc. (N.S.)},
  volume={35},
  year={2004},
  pages={387-394}}

@article{umyam2006,
  author = {M Umehara and K Yamada},
  title={Maximal surfaces with singularities in {M}inkowski space},
  journal={Hokkaido Math. J.},
  volume={35},
  year={2006},
  pages={13-40}}
  
@article{suy,
  author={K Saji and M Umehara and K Yamada},
  title={The geometry of fronts},
  journal={Ann. of Math. (2)},
  volume={169},
  year={2009},
  pages={491-529}}

@article{cieslinski2006,
  author={J L Cie\'sli\'nski},
  title={A geometric interpretation of the spectral parameter for surfaces of constant mean curvature},
  journal={J. Nonlinear Math. Phys.},
  volume={13},
  year={2006},
  pages={507-515}}
  
@article{mira2006,
  author={P Mira},
  title={Complete minimal {M}\"obius strips in {${\mathbb R}^n$} and the {B}j\"orling problem},
  journal={J. Geom. Phys.},
  volume={56},
  year={2006},
  pages={1506-1515}}
  
  
@article{KKRS,
  author={M Kilian and S-P Kobayashi and W Rossman and N Schmitt},
  title={Constant mean curvature surfaces of any positive genus},
  journal={J. London Math. Soc.},
  volume={72},
  year={2005},
  pages={258-272}}

@article{krsuy,
  author={M Kokubu and W Rossman and K Saji and M Umehara and K Yamada},
   title={Singularities of flat fronts in hyperbolic space},
   journal={Pacific J. Math.},
   volume={221},
   year={2005},
   pages={303-351}}

@article{umsa2009,
  author={S Murata and M Umehara},
  title={Flat surfaces with singularities in {E}uclidean 3-space},
  journal={J. Differential Geom.},
  volume={82},
  year={2009},
  pages={279-316}}
 
  
  
@article{DIS2009,
author={J F Dorfmeister and T Ivey and I Sterling},
title={Symmetric pseudospherical surfaces. I. General theory},
journal={Results Math.},
volume={56},
year={2009},
pages={3-21}}  


@article{kimyang2007,
  author = {Y W Kim and S D Yang},
  title={Prescribing singularities of maximal surfaces via a singular 
    {B}j\"orling representation formula},
  journal = {J. Geom. Phys.},
  volume={57},
  year={2007},
  pages={2167-2177}}

@article{kimkohshinyang2011,
    author={Y W Kim and S-E Koh and H Shin and S-D Yang},
    title={Spacelike maximal surfaces, timelike minimal surfaces, 
    and {B}j\"orling representation formulae},
    journal = {J. Korean Math. Soc.},
    volume={48},
    year={2011},
    pages={1083-1100}}

@article{krs,
  author={M Kilian  and W Rossman and N Schmitt},
  title={Delaunay ends of constant mean curvature surfaces},
  journal={Compos. Math.},
  volume={144},
  year={2008},
  pages={186-220}}

@article{dorfwu2008,
  author={J F Dorfmeister and H Wu},
  title={Construction of constant mean curvature n-noids from holomorphic potentials},
  journal={Math. Z.},
  year={2008},
  volume={258},
  pages={773-803}}

@article{fsuy,
  author={S Fujimori and K Saji and M Umehara and K Yamada},
  title={Singularities of maximal surfaces},
  journal={Math. Z.},
  volume={259},
  year={2008},
  pages={827-848}}

@article{chavdusmag2011,
  author = {R M B Chaves and M P Dussan and M Magid},
  title = {Bj\"orling problem for timelike surfaces in the {L}orentz-{M}inkowski space},
  journal = {J. Math. Anal. Appl},
  volume = {377},
  year={2011}, 
  pages = {481-494}}



@article{bent,
  author = {J Bernt and J H Eschenburg and H Naitoh and K Tsukada},
  title = {Symmetric submanifolds associated with irreducible symmetric {R}-spaces},
  journal ={Math. Ann.},
  volume = {332},
  pages = {721-737},
  year = {2005}}

@article{doko,
  author={J Dorfmeister and S-P Kobayashi},
  title={Coarse classification of constant mean curvature cylinders},
  journal={Trans. Amer. Math. Soc.},
  year={2007},
  volume={359},
  pages={2483-2500}}


@article{fls2005,
  author={I Fernandez and F J Lopez and R Souam},
  title={The space of complete embedded maximal surfaces with isolated singularities in the 3-dimensional {L}orentz-{M}inkowski space},
  journal={Math. Ann.},
  volume={332},
  year={2005},
  pages={605-643}}

@article{fl2007,
  author={I Fernandez and F J Lopez},
  title={Periodic maximal surfaces in the {L}orentz-{M}inkowski space ${L}^3$},
  journal={Math. Z.},
  volume={256},
  year={2007},
  pages={573-601}}

@article{fls2007,
  author={I Fernandez and F J Lopez and R Souam},
  title={The moduli space of embedded singly periodic maximal surfaces with isolated singularities in the {L}orentz-{M}inkowski space ${L}^3$},
  journal={Manuscripta Math.},
  volume={122},
  year={2007},
  pages={573-601}}


























@article{gm2005,
  author={J G\'alvez and P Mira},
  title={The {C}auchy problem for the {L}iouville equation and {B}ryant surfaces},
  journal={Adv. Math.},
  year={2005},
  volume={195},
  pages={456-490}}
 
@article{gm2005-2,
  author={J G\'alvez and P Mira},
  title={Embedded isolated singularities of flat surfaces in hyperbolic 3-space}, 
  journal={Calc. Var. Partial Differential Equations},
  volume={24},
  year={2005},
  pages={239-260}}

@article{galvezetal2007,
  author={J Aledo and R Chaves and J G\'alvez},
  title={The {C}auchy problem for improper affine spheres and the {H}essian one equation},
  journal={Trans. Amer. Math. Soc.},
  volume={359},
  year={2007},
  pages={4183-4208}}

@article{todaagag,
  author={M Toda},
  title={Initial value problems of the sine-{G}ordon equation and geometric solutions},
  journal={Ann. Global Anal. Geom.},
  volume={27},
  year={2005},
  pages={257-271}}
  
	@article{benamaretal,
	  author = {M Ben Amar and M M\"uller and M Trejo},
		title={Petal shapes of sympetalous flowers},
		journal={New J. Phys.},
		volume={14},
		year={2012},
		doi={10.1088/1367-2630/14/8/085014}}
	
  @article{ishikawa,
	author={Go-o Ishikawa},
	title={Singularities of developable surfaces},
	journal={London Math. Soc. Lecture Note Ser.},
	pages={403-418},
	volume={263},
	year={1999}}
  
@article{ishimach,
  author={G Ishikawa and Y Machida},
  title={Singularities of improper affine spheres and surfaces of constant {G}aussian curvature},
  journal={Internat. J. Math.},
  volume={17},
  year={2006},
  pages={269-293}}

@article{terngkongwang,
  author = {S Kong and C L Terng and E Wang},
  title = {Associative cones and integrable systems},
  journal = {Chinese Ann. Math. Ser. B},
  volume = {27},
  year = {2006},
  number = {2},
  pages = {153-168}}

@article{algami2009,
  author={J A Aledo and J A G\'alvez and P Mira},
  title = {A {D}'Alembert formula for flat surfaces in the 3-sphere},
  journal ={J. Geom. Anal.},
  year={2009},
  volume={19},
  pages={211-232}}

@article{branderdorf,
  author = {D Brander and J Dorfmeister},
  title = {Generalized {DPW} method and an application to isometric
       immersions of space forms},
  journal = {Math. Z.},
  volume={262},
  pages={143-172},
  year = {2009}}

@article{amsler,
  author={M-H Amsler},
	title={Des surfaces \`a courbure n\'egative constante dans l'espace \`a trois dimensions et de leurs singularit\'es},
	journal={Math. Ann.},
	volume={130},
	year={1955},
	pages={234-256}}

@article{pinkall2008,
  author={U Pinkall},
	title={Designing cylinders with constant negative curvature},
	journal={Oberwolfach Semin.},
	volume={38},
	publisher={Birkh\"auser, Basel},
	year={2008},
	pages={57-66}}

@article{wissler,
  author= {Ch. Wissler},
	title = {Globale {T}schebyscheff-{N}etze auf {R}iemannschen {M}annigfaltigkeiten und {F}ortsetzung von {F}l\"achen konstanter negativer {K}r\"ummung},
	journal ={Comment. Math. Helv.},
	volume={47},
	year={1972},
	pages={348-372}}

@article{umeda,
  author={Y Umeda},
  title={Constant-mean-curvature surfaces with singularities in {M}inkowski
  3-space},
  journal={Experiment. Math.},
  volume={18},
  year={2009},
  pages={311-323}}
  
 @article{minding,
  author={F Minding},
	title={Wie sich entscheiden l\"asst, ob zwei gegebene krumme {F}l\"achen auf einander abwickelbar sind oder nicht; nebst {B}emerkungen \"uber die {F}l\"achen von unver\"anderlichem {K}r\"ummungsmaa{\ss}e},
	journal={J. Reine Angew. Math.},
	volume={19},
	pages={370-387},
	year={1839}}
	
@article{brander2,
  author = {D Brander},
  title = {Curved flats, pluriharmonic maps and constant curvature immersions into pseudo-{R}iemannian space forms},
  year={2007},
  volume={32},
  pages={253-275},
  journal = {Ann. Global Anal. Geom.}}

@article{jgp,
  author={D Brander},
  title = {Loop group decompositions in almost split real forms and applications to soliton theory and geometry},
  journal = {J. Geom. Phys.},
  volume={58},
  year={2008},
  pages={1792-1800}}
  
  
@article{dorfsurvey,
  author = {J F Dorfmeister},
  title ={Generalized {W}eierstra\ss\ representations of surfaces},
  booktitle={Surveys on geometry and integrable systems},
  journal={Adv. Stud. Pure Math.},
  vol={51},
  publisher={Math. Soc. Japan, Tokyo},
  year={2008},
  pages={55-111}}
  

@article{weiner, author = {J L Weiner}, title = {Flat tori in ${S}^3$
and their {Gauss} maps}, journal = {Proc. London Math. Soc. (3)},
volume = {62}, pages = {54-76}, year = {1991}}


@article{dbms1,
  author = {D Brander and M Svensson},
  title = {The Geometric {C}auchy Problem for Surfaces With {L}orentzian Harmonic {G}auss maps},
  journal={J. Differential Geom.},
  year={2013},
  volume={93},
  pages={37-66}
  }

@article{dbms2,
  author = {D Brander and M Svensson},
  title = {Timelike Constant Mean Curvature Surfaces with Singularities},
  journal={J. Geom. Anal.},
  year={2013},
  note={DOI 10.1007/s12220-013-9389-6}
}
  

@article{brs,
  author={D Brander and W Rossman and N Schmitt},
  title={Holomorphic Representation of Constant Mean Curvature Surfaces in
     {M}inkowski Space: Consequences of Non-Compactness in Loop Group Methods},
  journal={Adv. Math.},
  volume={223},
  year={2010},
  pages={949-986}}

@article{bjorling,
  author = {D Brander and J F Dorfmeister},
  title={The {B}j\"orling problem for non-minimal constant mean curvature surfaces},
  journal ={Comm. Anal. Geom.},
  volume={18},
  year={2010},
  pages={171-194}   }

@article{sbjorling,
  author={D Brander},
  title={Singularities of spacelike constant mean curvature surfaces in {L}orentz-{M}inkowski space},
  journal = {Math. Proc. Cambridge Philos. Soc.},
  volume={150},
  year={2011},
  pages={527-556}}

@article{bik,
  author={D Brander and J Inoguchi and S-P Kobayashi},
  title={Constant {G}aussian curvature surfaces in the 3-sphere via loop groups},
  journal={Pacific J. Math.},
	volume={269},
	year={2014},
	pages={281-303}}
   
  
  


@book{thesis,
  author = {D Brander},
  title = {Flat submanifolds of a sphere and integrable systems},
  publisher = {Australian National University},
  series = {PhD Thesis},
  year = {2005}}

@book{todathesis,
  author = {M Toda},
  title = {Pseudospherical surfaces via moving frames and loop groups},
  publisher = {University of Kansas},
 series = {PhD Thesis},
  year = {2000}}

@article{mincmc,
  author={D Brander and JF Dorfmeister},
	title={Deformations of constant mean curvature surfaces preserving symmetries and the {H}opf differential},
	journal={Ann. Sc. Norm. Super. Pisa Cl. Sci. (5)},
	volume={XIV},
	year={2015},
	pages={1-31}}

@article{hilbert1,
  author = {D Hilbert},
  title = {{\"U}ber {F}l\"achen von konstanter {G}au\ss scher {K}r\"ummung},
  journal = {Trans. Amer. Math. Soc.},
  volume = {2},
  pages = {87-99},
  year = {1901}}



@book{docarmo1,
  author={M P Do Carmo},
	title={Differential geometry of curves and surfaces},
	publisher={Prentice-all},
	year={1976}}

@book{docarmo,
  author = {M P Do Carmo},
  title = {Riemannian {Geometry}},
  publisher = {Birkhauser},
  year = {1992}}

@book{petersen,
  author = {P Petersen},
  title = {Riemannian Geometry},
  publisher = {Springer},
  year = {1998}}


@article{azov,
  author = {D G Azov},
  title = {Isometric immersions of n-dimensional metrics into {Euclidean}
         and Spherical spaces},
  journal = {Vestn. Chelyab. Univ., Ser. Mat. Mekh.},
  volume = {1 (2)},
  pages = {12-16},
  year = {1994}}

@article{gromov/rokhlin,
  author = {M L Gromov and V A Rokhlin},
  title = {Embeddings and immersions in {Riemannian} geometry},
  journal = {Russian Math. Surveys},
  volume = {25},
  pages = {1-58},
  year = {1970}}

@article{nash1,
  author = {J Nash},
  title = {${C}^1$-isometric embeddings},
  journal = {Ann. of Math. (2)},
  volume = {60},
  pages = {383-396},
  year = {1954}}

@article{nash2,
  author = {J Nash},
  title = {The embedding problem for {Riemannian} manifolds},
  journal = {Ann. of Math. (2)},
  volume = {63},
  pages = {20-63},
  year = {1956}}


@article{borisenko,
  author = {A A Borisenko},
  title = {Isometric immersions of space forms into {Riemannian} and
   pseudo-{Riemannian} spaces of constant curvature},
  journal = {Russian Math. Surveys},
  volume = {56:3},
  pages = {425-497},
  year = {2001}}

@article{cartan1,
  author = {E Cartan},
  title = {Sur les Varietes de Courbure constante d'un espace euclidean
          ou non euclidean},
  journal = {Bull. Soc. Math. France},
  volume = {47, 48},
  pages = {125-160, 32-208},
  year = {1919, 1920}}

@article{otsuki1,
  author = {T Otsuki},
  title = { Isometric embedding of {Riemann} manifolds in a {Riemann} 
            manifold},
  journal = {J. Math. Soc, Japan},
  volume = {6},
  year = {1954},
  pages = {221-234}}

  @article{moore1,
  author = {J D Moore},
  title = {Isometric immersions of space forms in space forms},
  journal = {Pacific J. Math.},
  volume = {40},
  pages = {157-166},
  year = {1972}}


  @article{blanusa1,
  author = {D Blanusa},
  title = {Uber die Einbettung hyperbolischer raume in euklidische Raume.},
  journal = { Monatsh. Math.},
  volume = {59},
  year = {1955},
  pages = {217-229}},
 
  @article{blanusa2,
  author = {D Blanusa},
  title = {Isometric imbedding of the hyperbolic n-space in a spherical 
           (6n-4)-space.},
  journal = {Period. Math.-Phys. Astron. II. Ser.},
  volume = {19},
  pages = {53-61},
  year = {1964}},

@article{henke1,
  author = {W Henke},
  title = {Isometrische Immersionen des n-dim. hyperbolischen Raumes $H^n$
           in $E^{4n-3}$},
  journal = {Manuscripta Math.},
  volume = {34},
  pages = {265-278},
  year = {1981}},

 
 @article{henke2,
  author = {W Henke},
  title = {Isometric Immersions of n-dim. hyperbolic Spaces into 
          (4n-3)-dim. Standard Spheres and Hyperbolic Spaces},
  journal = {Math. Ann.},
  volume = {258},
  pages = {341-348}, 
  year = {1982}},
 
 
  @article{henke/nettekoven,
  author = {W Henke, W Nettekoven},
  title = {The Hyperbolic n-Space as a graph in Euclidean (6n-6)-Space},
  journal = {Manuscripta Math.},
  volume = {59},
  pages = {13-20},
  year = {1987}},

  @article{dajczer/tojeiro,
  author = {M Dajczer and  R Tojeiro},
  title = {Isometric immersions and the generalized Laplace and elliptic
           sinh-Gordon equations},
  journal = {J. reine angew. Math.},
  volume = {467},
  pages = {109-147},
  year = {1995}},


