
@article{BV,
  title = {The asymtotic growth of torsion homology for arithmetic groups},
  author = {Bergeron, N. and Venkatesh, A.},
  journal = {J. Inst. Math. Jussieu},
  volume={12},
  number={2},
  pages={391-447},
  year = {2013}
}

@article{Franke,
  title = {HARMONIC ANALYSIS IN WEIGHTED {$L^2$}-SPACES},
  author = {Franke, J.},
  journal = {Ann. Sci. Ecole Norm. Sup.},
  volume={4e serie, t. 31},
  pages={181-279},
  year = {1998}
}

@article{Ash,
  title = {Galois representations attached to mod {$p$} cohomology of {$\operatorname{GL}(n, \mathbb{Z})$}},
  author = {Ash, A},
  journal = {Duke Math. J.},
  volume={65},
  number={2},
  pages={235-255},
  year = {1992}
}

@article{Scholze,
  title = {On torsion in the cohomology of locally symmetric varieties},
  author = {Scholze, P.},
  journal = {Ann. of Math.},
  volume={182},
  number={3},
  pages={945-1066},
  year = {2015}
}

@article{MzM1,
  title = {Analytic torsion of arithmetic quotients of the symmetric
space {$\SL(n, \R)/\SO(n)$}},
  author = {Matz, J. and M{\"u}ller, W.},
  journal = {Geom. Funct. Anal.},
  volume={27},
  number={6},
  pages={1378–1449},
  year = {2017}
}

@article{MzM2,
  title = {Approximation of {$L^{2}$}-analytic torsion for arithmetic quotients of the symmetric space $\operatorname{SL}(n,\mathbb{R})/\operatorname{SO}(n)$},
  author = {Matz, J. and M{\"u}ller, W.},
  journal = {J. Inst. Math. Jussieu},
  volume={19},
  number={2},
  pages={307-350},
  year = {2020}
}

@article{MzM3,
  title = {Analytic torsion for arithmetic locally symmetric manifolds and approximation of {$L^2$}-torsion},
  author = {Matz, J. and M{\"u}ller, W.},
  journal = {J. Funct. Anal.},
  volume={284},
  number={1},
  pages={[109727]},
  year = {2023}
}

@article{MR1,
  title = {Analytic torsion and Reidemeister torsion on hyperbolic manifolds
with cusps},
  author = {M{\"u}ller, W. and Rochon, F.},
  journal = {Geom. Funct. Anal.},
  volume={30},
  pages={910-954},
  year = {2020}
}

@article{MR2,
  title = {Exponential growth of torsion in the cohomology of arithmetic hyperbolic manifolds},
  author = {M{\"u}ller, W. and Rochon, F.},
  journal = {Math. Z.},
  volume={298 no. 1-2},
  pages={79–106},
  year = {2021}
}

@article{MR3,
  title = {On the growth of torsion in the cohomology of some {$\Q$}-rank one groups},
  author = {M{\"u}ller, W. and Rochon, F.},
  journal = {Preprint. arXiv:2401.14205.},
  volume={},
  pages={},
  year = {2024}
}

@article{MP,
  title = {Analytic torsion and  {$L^2$}-torsion of compact locally symmetric manifolds},
  author = {M{\"u}ller, W. and Pfaff, J.},
  journal = {J. Differential Geom.},
  volume={95},
  number={1},
  pages={71-119},
  year = {2013}
}

@article{BZ,
  title = {Milnor and Ray-Singer metrics on the equivariant determinant of a flat vector bundle},
  author = {Bismut, J. -M. and Zhang, W.},
  journal = {Geom. Funct. Anal.},
  volume={4},
  number={2},
  pages={136–212},
  year = {1994}
}

@article{Pfaff,
author = {Pfaff, J.},
year = {2012},
pages = {953–974},
title = {Analytic torsion versus Reidemeister torsion on hyperbolic 3-manifolds
with cusps},
volume = {277},
number = {3-4},
journal = {Math. Z.}
}

@article{Kottwitz,
author = {Kottwitz, R. E.},
year = {1988},
pages = {629–646},
title = {Tamagawa numbers},
volume = {127},
number = {3},
journal = {Ann. of Math.}
}

@article{Lafforgue,
author = {Lafforgue, L.},
year = {},
pages = {383–400},
title = {Chtoucas de Drinfeld, formule des traces d'Arthur-Selberg et correspondance de Langlands},
volume = {},
number = {},
journal = {Proceedings of the International Congress of Mathematicians, Vol. I (Beijing, 2002), Beijing: Higher Ed. Press}
}

@book{Zagier,
  author = {Zagier, D.},
  year = {2006},
  pages = {305-323},
  title = {The Mellin transform and other useful analytic techniques. Appendix to E. Zeidler, Quantum Field Theory I: Basics in Mathematics and Physics. A Bridge Between Mathematicians and Physicists},
  publisher = {Springer-Verlag},
  address = {Berlin-Heidelberg-New York},
  edition = {2}
}

@article{Arthur1,
author = {Arthur, J.},
year = {1988},
pages = {223–293},
title = {The local behavior of weighted orbital integrals},
volume = {56},
number = {2},
journal = {Duke Math. J.}
}

@article{Olbrich,
author = {Olbrich, M.},
year = {2002},
pages = {219-237},
title = {{$L^2$}-Invariants of Locally Symmetric Spaces},
volume = {7},
number = {1},
journal = {Doc. Math.}
}

@article{BM,
author = {Barbasch, D. and Moscovici, H.},
year = {1983},
pages = {151-201},
title = {{$L^2$}-index and the trace formula},
volume = {52},
number = {2},
journal = {J. Funct. An}
}

@book{bridsonhaefliger,
  author = {Bridson, M. R. and Haefliger, A.},
  year = {1999},
  title = {Metric Spaces of Non-Positive Curvature},
  publisher = {Springer-Verlag},
  address = {Berlin Heidelberg},
  edition = {2.}
}

@article{Woit,
  title = {Topics in Representation Theory: Homogeneous Vector Bundles and Induced Representations},
  author = {Woit},
  volume = {\url{https://www.math.columbia.edu/~woit/notes13.pdf}},
  year = {2013}
}

@article{Paradan,
  title = {Symmetric spaces of the non-compact type: Lie Groups},
  author = {Paradan, P.-E.},
  volume = {\url{https://bremy.perso.math.cnrs.fr/smf_sec_18_02.pdf}},
  year = {2018}
}

@book{Helgason,
  title = {Groups and geometric analysis},
  author = {S. Helgason},
  publisher = {Academic Press, Inc.},
  address = {Orlando, Florida 32887},
  year = {1984}
}

@book{Lang,
  title = {$SL_2(\R)$},
  author = {S. Lang},
  publisher = {Springer-Verlag New York Inc.},
  year = {1985}
}

@article{Garrett,
author = {Garrett, P.},
year = {2014},
pages = {},
title = {Volume of {$\SL_n(\Z)\backslash \SL_n(\R)$} and {$\Sp_n(\R)$}},
volume = {},
number = {},
journal = {https://www-users.cse.umn.edu/~garrett/m/v/volumes.pdf}
}

@article{AGMY,
author = {Ash, A. and Gunnells, P. E. and McConnell, M and Yasaki, D.},
year = {2020},
pages = {537-569},
title = {On the growth of torsion in the cohomology of arithmetic groups},
volume = {19},
number = {2},
journal = {J. Inst. Math. Jussieu}
}

@article{Miatello,
author = {Miatello, R. J.},
year = {1980},
pages = {1-33},
title = {The Minakshisundaram–Pleijel coefficients for the vector-valued heat kernel on compact locally symmetric spaces of negative curvature},
volume = {260},
number = {1},
journal = {Trans. Amer. Math. Soc.}
}

@article{LM,
author = {Lapid, E. and Müller, W.},
year = {2009},
pages = {117-155},
title = {Spectral asymptotics for arithmetic quotients of {$\SL(n,\R)/\SO(n)$}},
volume = {149},
number = {1},
journal = {Duke Math. J.}
}

@article{MM,
author = {Matsushima, Y. and Murakami, S.},
year = {1963},
pages = {365-416},
title = {On Vector Bundle Valued Harmonic Forms and Automorphic Forms on Symmetric Riemannian Manifolds},
volume = {78},
number = {2},
journal = {Ann. of Math.},
shorthand   = {MsM63},
}

@book{BW,
  author = {Borel, A. and Wallach, N.},
  year = {2000},
  title = {Continuous Cohomology, Discrete Subgroups, and Representations of Reductive Groups, Second edition. Mathematical Surveys and Monographs, {\emph{Vol. 67}}},
  note = {},
  publisher = {American Mathematical Society},
  address = {Providence, RI}
}

@article{Arthur2,
author = {Arthur, J.},
year = {1978},
pages = {911-952},
title = {A trace formula for reductive groups. {I}. {T}erms associated to classes in {$G(\Q)$}},
volume = {45},
number = {4},
journal = {Duke Math. J.}
}

@article{FL,
author = {Finis, T. and Lapid, E.},
year = {2016},
pages = {425-455},
title = {On the continuity of the geometric side of the trace formula},
volume = {41},
number = {3},
journal = {Acta Math. Vietnam}
}

@article{Arthur3,
author = {Arthur, J.},
year = {1981},
pages = {1-74},
title = {The trace formula in invariant form},
volume = {114},
number = {1},
journal = {Ann. of Math.}
}

@article{Arthur4,
author = {Arthur, J.},
year = {1985},
pages = {1-74},
title = {A measure on the unipotent variety},
volume = {37},
number = {5},
journal = {Canad. J. Math.}
}

@article{Matz,
author = {Matz, J.},
year = {2015},
pages = {337-396},
title = {Bounds for global coefficients in the fine geometric expansion of Arthur’s trace formula for {$\GL(n)$}},
volume = {205},
number = {1},
journal = {Israel J. Math.}
}

@article{RS,
author = {Ray, D. B. and Singer, I. M.},
year = {1971},
pages = {145–210},
title = {{$R$}-torsion and the Laplacian on Riemannian manifolds},
volume = {7},
number = {},
journal = {Advances in Math.}
}

@article{Lott,
author = {Lott, J.},
year = {1992},
pages = {471–510},
title = {Heat kernels on covering spaces and topological invariants},
volume = {7},
number = {},
journal = {J. Differential Geom.}
}

@article{Cheeger,
author = {Cheeger, J.},
year = {1979},
pages = {259-322},
title = {Analytic torsion and the heat equation},
volume = {109},
number = {2},
journal = {Ann. of Math.}
}

@article{Müller1,
author = {M{\"u}ller, W.},
year = {1978},
pages = {233–305},
title = {Analytic torsion and {$R$}-torsion of {R}iemannian manifolds},
volume = {28},
number = {3},
journal = {Adv. Math.}
}

@article{Müller2,
author = {M{\"u}ller, W.},
year = {1993},
pages = {233–305},
title = {Analytic torsion and {$R$}-torsion for unimodular representations},
volume = {6},
number = {3},
journal = {J. Amer. Math. Soc.}
}

@article{Mathai,
author = {Mathai, V.},
year = {1992},
pages = {369-386},
title = {{$L^2$}-Analytic torsion},
volume = {107},
number = {2},
journal = {J. Funct. Anal.}
}

@article{Reidemeister,
author = {Reidemeister, K.},
year = {1935},
pages = {102–109},
title = {Homotopieringe und Linsenr{\"a}ume},
volume = {11},
number = {1},
journal = {Abh. Math. Sem. Univ. Hamburg}
}

@article{Franz,
author = {Franz, W.},
year = {1935},
pages = {245–253},
title = {{\"U}ber die Torsion einer {\"U}berdeckung},
volume = {173},
number = {},
journal = {J. f{\"u}r die reine und angew. Math.}
}

@article{Lück1,
author = {L{\"u}ck, W.},
year = {1994},
pages = {455–481},
title = {Approximating {$L^2$}-invariants by their finite-dimensional analogues},
volume = {4},
number = {4},
journal = {Geom. Funct. Anal.}
}

@article{Lück2,
author = {L{\"u}ck, W.},
year = {2016},
pages = {269-344},
title = {Survey on approximating {$L^2$}-invariants by their classical counterparts: Betti numbers, torsion invariants and homological growth.},
volume = {3},
number = {},
journal = {EMSS}
}

@article{Arthur0,
author = {Arthur, J.},
year = {2005},
pages = {1-264},
title = {An Introduction to the Trace Formula},
volume = {4},
number = {},
journal = {Clay Mathematics Proceedings}
}

@article{BLLS,
author = {Bergeron, N. and Linnell, P. and L{\"u}ck, W. and Sauer, R.},
year = {2012},
pages = {1-264},
title = {On the growth of Betti numbers in p-adic analytic towers},
volume = {8},
number = {2},
journal = {Groups, Geometry, and Dynamics}
}

@book{Knapp,
  title = {Representation Theory of Semisimple Groups (Princeton University Press},
  author = {Knapp, A. W.},
  publisher = {Princeton University Press},
  year = {2001}
}

@article{Raimbault,
  TITLE = {{ASYMPTOTICS OF ANALYTIC TORSION FOR HYPERBOLIC THREE-MANIFOLDS}},
  AUTHOR = {Raimbault, J.},
  JOURNAL = {{Comment. Math. Helv.}},
  VOLUME = {94},
  NUMBER = {3},
  PAGES = {459-531},
  YEAR = {2019},
}

@article{Arthur5,
author = {Arthur, J.},
year = {1986},
pages = {179–214},
title = {On a family of distributions obtained from orbits},
volume = {38},
number = {},
journal = {Canad. J. Math.}
}

