@article {Poonen,
    AUTHOR = {Poonen, B.},
     TITLE = {The classification of rational preperiodic points of quadratic
              polynomials over {${\bf Q}$}: a refined conjecture},
   JOURNAL = {Math. Z.},
  FJOURNAL = {Mathematische Zeitschrift},
    VOLUME = {228},
      YEAR = {1998},
    NUMBER = {1},
     PAGES = {11--29},
}

@article {Russo,
    AUTHOR = {Walde, R. and Russo, P.},
     TITLE = {Rational periodic points of the quadratic function
              {$Q_c(x)=x^2+c$}},
   JOURNAL = {Amer. Math. Monthly},
  FJOURNAL = {American Mathematical Monthly},
    VOLUME = {101},
      YEAR = {1994},
    NUMBER = {4},
     PAGES = {318--331},
}

@book {Silverman,
    AUTHOR = {Silverman, J H.},
     TITLE = {The arithmetic of dynamical systems},
    SERIES = {Graduate texts in mathematics},
    VOLUME = {241},
 PUBLISHER = {Springer, New York},
      YEAR = {2007},
     PAGES = {x+511},
      ISBN = {978-0-387-69903-5},
}
      
@article {Shalom1,
    AUTHOR = {Eliahou, S. and Fares, Y.},
     TITLE = {Poonen's conjecture and {R}amsey numbers},
   JOURNAL = {Discrete Appl. Math.},
  FJOURNAL = {Discrete Applied Mathematics. The Journal of Combinatorial
              Algorithms, Informatics and Computational Sciences},
    VOLUME = {209},
      YEAR = {2016},
     PAGES = {102--106},
}      
      
@article{Shalom2,
    AUTHOR = {S. Eliahou and Y. Fares},
     TITLE = {Some results on the {F}lynn-{P}oonen-{S}chaefer conjecture},
   JOURNAL = {Canadian Math. Bull.},
   VOLUME  = {65(3):598-611},
     YEAR  = {2022},
}

@article {Stoll,
    AUTHOR = {Stoll, M.},
     TITLE = {Rational 6-cycles under iteration of quadratic polynomials},
   JOURNAL = {LMS J. Comput. Math.},
  FJOURNAL = {LMS Journal of Computation and Mathematics},
    VOLUME = {11},
      YEAR = {2008},
     PAGES = {367--380},
}

@article {Flynn,
    AUTHOR = {Flynn, E. V. and Poonen, Bjorn and Schaefer, Edward F.},
     TITLE = {Cycles of quadratic polynomials and rational points on a
              genus-{$2$} curve},
   JOURNAL = {Duke Math. J.},
  FJOURNAL = {Duke Mathematical Journal},
    VOLUME = {90},
      YEAR = {1997},
    NUMBER = {3},
     PAGES = {435--463},
}

@book{Silver,
    AUTHOR = {P.Morton and J.Silverman},
     TITLE = {Periodic Points, multiplicities, and dynamical units},
 PUBLISHER = {\textit{J. Reine Angew. Math.} },
      YEAR = {(1995) \textbf{461}, pp. 81-122},
}


@article {Ingram,
    AUTHOR = {Hutz, B. and Ingram, P.},
     TITLE = {On {P}oonen's conjecture concerning rational preperiodic
              points of quadratic maps},
   JOURNAL = {Rocky Mountain J. Math.},
  FJOURNAL = {The Rocky Mountain Journal of Mathematics},
    VOLUME = {43},
      YEAR = {2013},
    NUMBER = {1},
     PAGES = {193--204},
}


@article {par2,
    AUTHOR = {Panraksa, C.},
     TITLE = {Rational periodic points of $x^d + c$ and Fermat-Catalan equations},
   JOURNAL = {Internat. J. of Number Theory.},
  FJOURNAL = {World Scientific},
    VOLUME = {18},
      YEAR = {2022},
    NUMBER = {05},
     PAGES = {1111-1129},
}

@article {Narkie,
    AUTHOR = {Narkiewicz, W.},
     TITLE = {On a class of monic binomials},
   JOURNAL = {Proc. Steklov Inst. Math.},
  FJOURNAL = {Proceedings of the Steklov Institute of Mathematics},
    VOLUME = {280},
      YEAR = {2013},
    NUMBER = {suppl. 2},
     PAGES = {S65--S70},
}

@article {Doyle,
    AUTHOR = {Doyle, J R. and Faber, X. and Krumm, D.},
     TITLE = {Preperiodic points for quadratic polynomials over quadratic
              fields},
   JOURNAL = {New York J. Math.},
  FJOURNAL = {New York Journal of Mathematics},
    VOLUME = {20},
      YEAR = {2014},
     PAGES = {507--605},
}

@article {North,
    AUTHOR = {Northcott, D. G.},
     TITLE = {Periodic points on an algebraic variety},
   JOURNAL = {Ann. of Math. (2)},
  FJOURNAL = {Annals of Mathematics. Second Series},
    VOLUME = {51},
      YEAR = {1950},
     PAGES = {167--177},
}

@article {Erkama,
    AUTHOR = {Erkama, T.},
     TITLE = {Periodic orbits of quadratic polynomials},
   JOURNAL = {Bull. London Math. Soc.},
  FJOURNAL = {The Bulletin of the London Mathematical Society},
    VOLUME = {38},
      YEAR = {2006},
    NUMBER = {5},
     PAGES = {804--814},
}

@book{Netto,
    AUTHOR = {E. Netto},
     TITLE = {Vorlesungen uber Algebra II},
 PUBLISHER = {Teubner},
      YEAR = {(1900), pp. 222-227},
}

@article {Morton,
    AUTHOR = {Morton, P. and Silverman, J H.},
     TITLE = {Rational periodic points of rational functions},
   JOURNAL = {Internat. Math. Res. Notices},
  FJOURNAL = {International Mathematics Research Notices},
      YEAR = {1994},
    NUMBER = {2},
     PAGES = {97--110},
}

@article {Hutz,
    AUTHOR = {Hutz, B.},
     TITLE = {Determination of all rational preperiodic points for morphisms
              of {PN}},
   JOURNAL = {Math. Comp.},
  FJOURNAL = {Mathematics of Computation},
    VOLUME = {84},
      YEAR = {2015},
    NUMBER = {291},
     PAGES = {289--308},
}

@article {Call,
    AUTHOR = {Call, G S. and Goldstine, S W.},
     TITLE = {Canonical heights on projective space},
   JOURNAL = {J. Number Theory},
  FJOURNAL = {Journal of Number Theory},
    VOLUME = {63},
      YEAR = {1997},
    NUMBER = {2},
     PAGES = {211--243},
}
		

@article {mor,
    AUTHOR = {Morton, P.},
     TITLE = {Arithmetic properties of periodic points of quadratic maps.
              {II}},
   JOURNAL = {Acta Arith.},
  FJOURNAL = {Acta Arithmetica},
    VOLUME = {87},
      YEAR = {1998},
    NUMBER = {2},
     PAGES = {89--102},
}
		
@book{par1,
    AUTHOR = {C. Panraska },
     TITLE = {Arithmetic dynamics of quadratic polynomials and dynamical units, Phd dissertation},
 PUBLISHER = { University of Maryland, College Park},
      YEAR = {(2011), pp. 1-42}
}

@book{ser,
    AUTHOR = {P. Morton and S. Raianu },
     TITLE = {Arithmetic properties of 3-cycles of quadratic maps over $\mathbb{Q}$},
 PUBLISHER = {arXiv:2105.07435v4},
      YEAR = {(2021), pp. 1-44}
}

@article {Bene,
    AUTHOR = {Benedetto, R L. and Ingram, P. and Jones, R. and
              Manes, M. and Silverman, J H. and Tucker, T.
              J.},
     TITLE = {Current trends and open problems in arithmetic dynamics},
   JOURNAL = {Bull. Amer. Math. Soc. (N.S.)},
  FJOURNAL = {American Mathematical Society. Bulletin. New Series},
    VOLUME = {56},
      YEAR = {2019},
    NUMBER = {4},
     PAGES = {611--685},
      ISSN = {0273-0979},
   MRCLASS = {37P05 (11G50 37P15 37P20 37P25 37P30 37P45 37P55)},
  MRNUMBER = {4007163},
       DOI = {10.1090/bull/1665},
       URL = {https://doi-org.ezproxy.library.yorku.ca/10.1090/bull/1665},
}

@book {Apostol,
    AUTHOR = {Apostol, Tom M.},
     TITLE = {Introduction to analytic number theory},
    SERIES = {Undergraduate Texts in Mathematics},
 PUBLISHER = {Springer-Verlag, New York-Heidelberg},
      YEAR = {1976},
     PAGES = {xii+338},
}

@article {detto,
    AUTHOR = {Benedetto, R L.},
     TITLE = {Preperiodic points of polynomials over global fields},
   JOURNAL = {J. Reine Angew. Math.},
  FJOURNAL = {Journal f\"{u}r die Reine und Angewandte Mathematik. [Crelle's
              Journal]},
    VOLUME = {608},
      YEAR = {2007},
     PAGES = {123--153},
}

@article{Sil,
    AUTHOR = {J. Silverman},
     TITLE = {Integer points, Diophantine approximation, and iteration of rational maps},
   JOURNAL = {Duke Mathematical Journal},
   VOLUME  = {71.3:793-829},
     YEAR  = {1993},
}

@article{Wade,
    AUTHOR = {W. Hindes},
     TITLE = {The average number of integral points in orbits},
   JOURNAL = {Math Res. Lett.},
   VOLUME  = {26.1:101-120},
     YEAR  = {2019},
}     

@article{Zie,
    AUTHOR = {X. Faber, B. Hutz, P. Ingram, R. Jones, M. Manes, T. Tucker and M. Zieve},
     TITLE = {Uniform Bounds on Pre-Images Under Quadratic Dynamical Systems},
   JOURNAL = {Mathematical Research Letters},
   VOLUME  = {16:1, 87-101},
     YEAR  = {2009},
}

@article{Ruf,
    AUTHOR = {R. Bowen},
     TITLE = {Periodic points and measures for axiom a diffeomorphisms},
   JOURNAL = {Trans Amer. Math. Soc.},
   VOLUME  = {154 (1971), 377-397},
}

@article{Adl,
    AUTHOR = {A.G. Konheim, R.L. Adler and M.H. McAndrew},
     TITLE = {Topological entropy},
   JOURNAL = {Trans Amer. Math. Soc.},
   VOLUME  = {114 (1965), 309-319},
}

@article{Kat,
    AUTHOR = {A. Katok and B. Hasselblatt},
     TITLE = {Introduction to the Modern Theory of Dynamical Systems},
   JOURNAL = {Cambridge University Press},
   VOLUME  = {Vol. 54},
      YEAR = {1995},
}

@article{sch,
    AUTHOR = {A. Shankar, M. Bhargava and X. Wang},
     TITLE = {An improvement on Schmidt's bound on the number of number fields of bounded discriminant and small degree},
   JOURNAL = {Forum of Math., Sigma},
    VOLUME = {Vol. 10:e86 1-13},
     YEAR  =  {(2022)},
}

@article{sch1,
    AUTHOR = {Bhargava, M. and Shankar, A. and Wang, X.},
     TITLE = {Squarefree values of polynomial discriminants {I}},
   JOURNAL = {Invent. Math.},
    VOLUME = {Vol. 228},
      YEAR = {(2022), pp. 1-37},
}

@article{lem,
    AUTHOR = {F. Thorne, R. J. Lemke Oliver and},
     TITLE = {Upper bounds on number fields of given degree and bounded discriminant},
   JOURNAL = {Duke Math. J.},
    VOLUME = {Vol. 171, No. 15},
      YEAR = {(2022), pp. 1-11},
}

@article{Ada,
    AUTHOR = {D. Adam and Y. Fares},
     TITLE = {On two affine-like dynamical systems in a local field},
   JOURNAL = {J. Number Theory. 132},
    VOLUME = {132},
      YEAR = {(2012), 2892-2906},
}

@book{BK0,
    AUTHOR = {B. Kintu},
     TITLE = {Counting the number of 2-periodic $\mathbb{Z}$-points of a discrete dynamical system with applications from arithmetic statistics, 0},
 PUBLISHER = {To appear soon on arXiv},
      YEAR = {(2025) pp. 1-8},
}

@book{BK1,
    AUTHOR = {B. Kintu},
     TITLE = {Counting the number of integral fixed points of a discrete dynamical system with applications from arithmetic statistics, I},
 PUBLISHER = {https://arxiv.org/abs/2501.04026},
      YEAR = {pp. 1-14},
}

@book{BK2,
    AUTHOR = {B. Kintu},
     TITLE = {Counting the number of 2-periodic $\mathbb{Z}$-points of a discrete dynamical system with applications from arithmetic statistics, II},
 PUBLISHER = {In preparation},
      YEAR = {(2025) pp. 1-10},
}

@book{BK3,
    AUTHOR = {B. Kintu},
     TITLE = {Counting the number of $\mathbb{Z}_{p}$- and $\mathbb{F}_{p}[t]$-fixed points of a discrete dynamical system with applications from arithmetic statistics, III},
 PUBLISHER = {https://arxiv.org/pdf/2505.24565},
      YEAR = {pp. 1-25},
}

@book {Dev,
    AUTHOR = {Devaney, Robert L.},
     TITLE = {An introduction to chaotic dynamical systems},
    SERIES = {Addison-Wesley Studies in Nonlinearity},
   EDITION = {Second},
 PUBLISHER = {Addison-Wesley Publishing Company, Advanced Book Program,
              Redwood City, CA},
      YEAR = {1989},
     PAGES = {xviii+336},
      ISBN = {0-201-13046-7},
 }

@book{BK22,
    AUTHOR = {B. Kintu},
     TITLE = {Counting the number of 2-periodic $\mathcal{O}_{K}$-points of a discrete dynamical system with applications from arithmetic statistics, V},
 PUBLISHER = {In preparation},
      YEAR = {},
}


@book{BK33,
    AUTHOR = {B. Kintu},
     TITLE = {Counting the number of 2-periodic $\mathbb{Z}_{p}$- and $\mathbb{F}_{p}[t]$-points of a discrete dynamical system with applications from arithmetic statistics, VI},
 PUBLISHER = {In preparation},
      YEAR = {},
}

@article{Ma,
    AUTHOR = {Massias, J.-P. and Robin, G.},
     TITLE = {Bornes effectives pour certaines fonctions concernant les nombres premiers},
   JOURNAL = {Journal Th. Nombres de Bordeaux},
    VOLUME = {Vol. 8},
      YEAR = {(1996), 215–242},
}


@article{ho,
    AUTHOR = {Ho, W. and Shankar, A. and Varma, I.},
     TITLE = {Odd degree number fields with odd class number},
   JOURNAL = {Duke Math. Journal.},
    VOLUME = {Vol. 167(5)},
      YEAR = {(2018), pp. 1-53},
}


@book{Sia,
    AUTHOR = {A. Siad},
     TITLE = {Monogenic fields with odd class number Part {II}: even degree},
 PUBLISHER = {https://arxiv.org/pdf/2011.08842},
      YEAR = {pp. 1-49},
}



@article {Narkie1,
    AUTHOR = {Narkiewicz, W.},
     TITLE = {Cycle-lengths of a class of monic binomials},
   JOURNAL = {Functiones et Approximatio},
  FJOURNAL = {Proceedings of the Steklov Institute of Mathematics},
    VOLUME = {42.2},
      YEAR = {(2010), 163-168},
    NUMBER = {suppl. 2},
     PAGES = {S65--S70},
}


@article{Ts,
    AUTHOR = {Bhargava, M. and Shankar, A. and Taniguchi, T. and Thorne, F. and Tsimerman, J. and Zhao, Y.},
     TITLE = {Bounds on 2-torsion in class groups of number fields and integral points on elliptic curves},
   JOURNAL = {Journal of the Amer. Math. Soc.},
    VOLUME = {Vol. 33(4)},
      YEAR = {(2020), pp. 1087-1099},
}