%% This BibTeX bibliography file was created using BibDesk.
%% https://bibdesk.sourceforge.io/

%% Created for Stephen Cantrell at 2023-04-14 08:31:02 -0500 


%% Saved with string encoding Unicode (UTF-8) 

@article{Sch,
affiliation = {Oregon State University Corvallis, OR 97331},
author = {T. A. Schmidt},
journal = {Actes des rencontres du CIRM},
language = {eng},
month = {3},
number = {1},
pages = {61-67},
publisher = {CIRM},
title = {Rosen fractions and Veech groups, an overly brief introduction},
url = {http://eudml.org/doc/10021},
volume = {1},
year = {2009},
}

@misc{CanPol,
      title={Central limit theorems for Green metrics on hyperbolic groups}, 
      author={S. Cantrell and M. Pollicott},
      year={2024},
      eprint={2404.11512},
      archivePrefix={arXiv},
      primaryClass={math.DS},
      url={https://arxiv.org/abs/2404.11512}, 
}

@misc{CanPol2,
      title={Counting statistics for geodesics on flat surfaces}, 
      author={S. Cantrell and M. Pollicott},
      year={2025},
      eprint={2503.13091},
      archivePrefix={arXiv},
      primaryClass={math.DS},
      url={https://arxiv.org/abs/2503.13091}, 
}

@article {LeeSun,
      title={Dynamics of continued fractions and distribution of modular symbols}, 
      author={J. Lee and H.-S. Sun},
      JOURNAL = {J. Eur. Math. Soc., published online first},
      VOLUME={DOI 10.4171/JEMS/1665},
      year={2025},
}

@article {BetDra,
    AUTHOR = {S. Bettin and S. Drappeau},
     TITLE = {Limit laws for rational continued fractions and value
              distribution of quantum modular forms},
   JOURNAL = {Proc. Lond. Math. Soc. (3)},
  FJOURNAL = {Proceedings of the London Mathematical Society. Third Series},
    VOLUME = {125},
      YEAR = {2022},
    NUMBER = {6},
     PAGES = {1377--1425},
      ISSN = {0024-6115,1460-244X},
   MRCLASS = {11K50 (11F03 11F67 37A50 37C30 60F05)},
  MRNUMBER = {4524220},
MRREVIEWER = {Thomas\ Garrity},
       DOI = {10.1112/plms.12485},
       URL = {https://doi.org/10.1112/plms.12485},
}

@article {Rosen,
    AUTHOR = {D. Rosen},
     TITLE = {A class of continued fractions associated with certain
              properly discontinuous groups},
   JOURNAL = {Duke Math. J.},
  FJOURNAL = {Duke Mathematical Journal},
    VOLUME = {21},
      YEAR = {1954},
     PAGES = {549--563},
      ISSN = {0012-7094,1547-7398},
   MRCLASS = {30.0X},
  MRNUMBER = {65632},
MRREVIEWER = {H.\ D.\ Kloosterman},
       URL = {http://projecteuclid.org/euclid.dmj/1077465884},
}

@article {Mayer,
    AUTHOR = {D. Mayer},
     TITLE = {Approach to equilibrium for locally expanding maps in {${\bf
              R}^{k}$}},
   JOURNAL = {Comm. Math. Phys.},
  FJOURNAL = {Communications in Mathematical Physics},
    VOLUME = {95},
      YEAR = {1984},
    NUMBER = {1},
     PAGES = {1--15},
      ISSN = {0010-3616},
   MRCLASS = {58F11 (28D20 47B38)},
  MRNUMBER = {757051},
MRREVIEWER = {Cheng Xun Wu},
       URL = {http://projecteuclid.org/euclid.cmp/1103941450},
}

@incollection {Schweiger79,
    AUTHOR = {Schweiger, F.},
     TITLE = {A modified {J}acobi-{P}erron algorithm with explicitly given
              invariant measure},
 BOOKTITLE = {Ergodic theory ({P}roc. {C}onf., {M}ath. {F}orschungsinst.,
              {O}berwolfach, 1978)},
    SERIES = {Lecture Notes in Math.},
    VOLUME = {729},
     PAGES = {199--202},
 PUBLISHER = {Springer, Berlin},
      YEAR = {1979},
      ISBN = {3-540-09517-9},
}

@article {BaJen,
    AUTHOR = {Bandtlow, O. F. and Jenkinson, O.},
     TITLE = {Invariant measures for real analytic expanding maps},
   JOURNAL = {J. Lond. Math. Soc. (2)},
  FJOURNAL = {Journal of the London Mathematical Society. Second Series},
    VOLUME = {75},
      YEAR = {2007},
    NUMBER = {2},
     PAGES = {343--368},
      ISSN = {0024-6107,1469-7750},
   MRCLASS = {37C40 (37C30 37D35)},
  MRNUMBER = {2340232},
MRREVIEWER = {Miaohua\ Jiang},
       DOI = {10.1112/jlms/jdm001},
       URL = {https://doi.org/10.1112/jlms/jdm001},
}

@article {HensleySurvey,
    AUTHOR = {Hensley, D.},
     TITLE = {Continued fractions, {C}antor sets, {H}ausdorff dimension, and
              transfer operators and their analytic extension},
   JOURNAL = {Discrete Contin. Dyn. Syst.},
  FJOURNAL = {Discrete and Continuous Dynamical Systems. Series A},
    VOLUME = {32},
      YEAR = {2012},
    NUMBER = {7},
     PAGES = {2417--2436},
      ISSN = {1078-0947,1553-5231},
   MRCLASS = {11K55 (11J70 11K50 11Y60 37A45)},
  MRNUMBER = {2900553},
MRREVIEWER = {Radhakrishnan\ Nair},
       DOI = {10.3934/dcds.2012.32.2417},
       URL = {https://doi.org/10.3934/dcds.2012.32.2417},
}

@book {HensleyBook,
    AUTHOR = {Hensley, D.},
     TITLE = {Continued fractions},
 PUBLISHER = {World Scientific Publishing Co. Pte. Ltd., Hackensack, NJ},
      YEAR = {2006},
     PAGES = {xiv+245},
      ISBN = {981-256-477-2},
       DOI = {10.1142/9789812774682},
       URL = {https://doi.org/10.1142/9789812774682},
}
@article{Arnoux-Nogueira,
	author = {Arnoux, P. and Nogueira, A.},
	fjournal = {Annales Scientifiques de l'\'Ecole Normale Sup\'erieure. Quatri\`eme S\'erie},
	journal = {Ann. Sci. \'Ecole Norm. Sup. (4)},
	number = {6},
	pages = {645--664},
	title = {Mesures de {G}auss pour des algorithmes de fractions continues multidimensionnelles},
	volume = {26},
	year = {1993}}

@article {Hwang,
    AUTHOR = {Hwang, H.-K.},
     TITLE = {On convergence rates in the central limit theorems for
              combinatorial structures},
   JOURNAL = {European J. Combin.},
  FJOURNAL = {European Journal of Combinatorics},
    VOLUME = {19},
      YEAR = {1998},
    NUMBER = {3},
     PAGES = {329--343},
      ISSN = {0195-6698},
   MRCLASS = {60C05 (05A99 60F05)},
  MRNUMBER = {1621021},
       DOI = {10.1006/eujc.1997.0179},
       URL = {https://doi.org/10.1006/eujc.1997.0179},
}

@misc{kim2025,
      title={Euclidean algorithms are {G}aussian over imaginary quadratic fields}, 
      author={D. Kim and J. Lee and S. Lim},
      year={2025},
      eprint={2401.00734},
      archivePrefix={arXiv},
      primaryClass={math.DS},
      url={https://arxiv.org/abs/2401.00734}, 
}

@article{Schm,
     author = {Schmidt, T. A.},
     title = {Rosen fractions and {Veech} groups, an overly brief introduction},
     journal = {Actes des rencontres du CIRM},
     pages = {61--67},
     publisher = {CIRM},
     volume = {1},
     number = {1},
     year = {2009},
     doi = {10.5802/acirm.11},
     zbl = {06938559},
     language = {en},
     url = {https://www.numdam.org/articles/10.5802/acirm.11/}
}

@book{FS,
  author    = {P. Flajolet and
               R. Sedgewick},
  title     = {Analytic Combinatorics},
  publisher = {Cambridge University Press},
  year      = {2009},
  isbn      = {978-0-521-89806-5},
  pages     = {I-XIII, 1-810},
}

@article {delange,
    AUTHOR = {Delange, H.},
     TITLE = {G\'en\'eralisation du th\'eor\`eme de {I}kehara},
   JOURNAL = {Ann. Sci. \'Ecole Norm. Sup. (3)},
  FJOURNAL = {Annales Scientifiques de l'\'Ecole Normale Sup\'erieure.
              Troisi\`eme S\'erie},
    VOLUME = {71},
      YEAR = {1954},
     PAGES = {213--242},
      ISSN = {0012-9593},
   MRCLASS = {42.4X},
  MRNUMBER = {68667},
       URL = {http://www.numdam.org/item?id=ASENS_1954_3_71_3_213_0},
}

@misc{kim-lee-lim,
      title={Euclidean algorithms are Gaussian over imaginary quadratic fields}, 
      author={D. Kim and J.  Lee and S. Lim},
      year={2024},
      eprint={2401.00734},
      archivePrefix={arXiv},
      primaryClass={math.DS},
      url={https://arxiv.org/abs/2401.00734}, 
}

@article {nakada,
    AUTHOR = {Ei, Hiromi and Nakada, Hitoshi and Natsui, Rie},
     TITLE = {On the ergodic theory of maps associated with the nearest
              integer complex continued fractions over imaginary quadratic
              fields},
   JOURNAL = {Discrete Contin. Dyn. Syst.},
  FJOURNAL = {Discrete and Continuous Dynamical Systems. Series A},
    VOLUME = {43},
      YEAR = {2023},
    NUMBER = {11},
     PAGES = {3883--3924},
      ISSN = {1078-0947,1553-5231},
   MRCLASS = {37A44 (11K50 37A25 52C20)},
  MRNUMBER = {4644168},
MRREVIEWER = {Thomas\ Garrity},
       DOI = {10.3934/dcds.2023071},
       URL = {https://0-doi-org.pugwash.lib.warwick.ac.uk/10.3934/dcds.2023071},
}

@book {hennion,
    AUTHOR = {Hennion, H. and Herv\'{e}, L.},
     TITLE = {Limit theorems for {M}arkov chains and stochastic properties
              of dynamical systems by quasi-compactness},
    SERIES = {Lecture Notes in Mathematics},
    VOLUME = {1766},
 PUBLISHER = {Springer-Verlag, Berlin},
      YEAR = {2001},
     PAGES = {viii+145},
      ISBN = {3-540-42415-6},
   MRCLASS = {60J10 (60F05 60F10)},
  MRNUMBER = {1862393},
MRREVIEWER = {Gh. Opri\c{s}an},
       DOI = {10.1007/b87874},
       URL = {https://doi.org/10.1007/b87874},
}

@article {baladi-vallee,
    AUTHOR = {Baladi, V. and Vall\'{e}e, B.},
     TITLE = {Euclidean algorithms are {G}aussian},
   JOURNAL = {J. Number Theory},
  FJOURNAL = {Journal of Number Theory},
    VOLUME = {110},
      YEAR = {2005},
    NUMBER = {2},
     PAGES = {331--386},
      ISSN = {0022-314X},
   MRCLASS = {11Y16 (37A45 37C30 60F05 68W40)},
  MRNUMBER = {2122613},
MRREVIEWER = {Jeffrey O. Shallit},
       DOI = {10.1016/j.jnt.2004.08.008},
       URL = {https://0-doi-org.pugwash.lib.warwick.ac.uk/10.1016/j.jnt.2004.08.008},
}

@misc{morris,
      title={A short proof that the number of division steps in the Euclidean algorithm is normally distributed}, 
      author={I. D. Morris},
      year={2015},
      eprint={1502.07616},
      archivePrefix={arXiv},
      primaryClass={math.DS},
      url={https://arxiv.org/abs/1502.07616}, 
}

@article{Carvajales,
	author = {L. Carvajales},
	date-added = {2023-04-14 08:30:00 -0500},
	date-modified = {2023-04-14 08:30:58 -0500},
	journal = {Ann. Inst. Four.},
	pages = {1199--1257},
	title = {Counting problems for special orthogonal representations},
	volume = {70},
	year = {2020}}

@article{gouezel-lalley,
	author = {S. Gou\"{e}zel and S. Lalley},
	date-added = {2022-12-11 19:35:39 -0600},
	date-modified = {2022-12-11 19:36:23 -0600},
	journal = {Annales Scientifiques de l'ENS},
	pages = {129-173},
	title = {Random walks on co-compact Fuchsian groups},
	volume = {46},
	year = {2013}}

@article{katsuda.sunada,
	author = {A. Katsuda and T. Sunada},
	date-added = {2022-10-15 08:52:39 -0500},
	date-modified = {2022-10-15 08:53:41 -0500},
	journal = {Publ. Math. IHES},
	pages = {5-72},
	title = {Closed orbits in homology classes},
	volume = {71},
	year = {1990}}

@article{otal,
	author = {J. Otal},
	date-added = {2022-10-13 10:02:38 -0500},
	date-modified = {2022-10-13 10:04:17 -0500},
	journal = {Ann. of Math.},
	number = {131},
	title = {Le spectre marqu\'e des longueurs des surfaces \`a courbure n\'egative},
	volume = {no. 1},
	year = {1990}}

@article{cantrell.eduardo,
	author = {S. Cantrell and E. Reyes},
	date-added = {2022-10-06 12:34:50 -0500},
	date-modified = {2022-10-14 12:28:34 -0500},
	journal = {preprint: arXiv:2210.07136},
	title = {Manhattan geodesics and the boundary of the space of metric structures on hyperbolic groups},
	year = {2022}}
	
	@article{cantrell.reyes.2,
	author = {S. Cantrell and E. Reyes},
	date-added = {2022-10-06 12:34:50 -0500},
	date-modified = {2022-10-14 12:28:34 -0500},
	journal = {preprint: arXiv:2304.13209},
	title = {Marked length spectrum rigidity from rigidity on subsets},
	year = {2023}}
	
	@article{weinhardetal,
	author = {L. Carvajales, X. Dai, B. Pozzetti and A. Weinhard},
	journal = {preprint: arXiv:2210.05292},
	title = {Thurston's asymmetric metrics for Anosov representations},
	year = {2022}}

	@article{fricker.furman,
	author = {E. Fricker and A. Furman},
	journal = {Israel Journal of Mathematics},
	title = {Quasi-Fuchsian vs Negative curvature metrics on surface groups},
	pages = {365-378},
	volume={1},
	number = {251},
	year = {2022}}
	
	@article{cantrell,
	author = {S. Cantrell},
	date-added = {2022-10-06 12:34:50 -0500},
	date-modified = {2022-10-14 12:28:34 -0500},
	journal = {preprint: arXiv:2210.11558},
	title = {Mixing of the Mineyev flow, orbital counting and Poincar\'e series for strongly hyperbolic metrics},
	year = {2023}}
	
@book{Hartogs,
	author = {S. Krantz},
	date-added = {2022-08-22 11:00:08 -0500},
	date-modified = {2022-08-22 11:01:34 -0500},
	edition = {Reprint of the 1992 edition},
	publisher = {AMS Chelsea Publishing},
	title = {Function theory of several complex variables},
	year = {2001}}

@article{lalley,
	author = {S. Lalley},
	date-added = {2022-08-19 13:16:10 -0500},
	date-modified = {2022-08-19 13:16:52 -0500},
	journal = {Acta Math.},
	number = {1-2},
	pages = {1-55},
	title = {Renewal theorems in symbolic dynamics, with applications to geodesic flows, non-Euclidean tessellations and their fractal limits},
	volume = {163},
	year = {1989}}

@article{cantrell.sert,
	author = {S. Cantrell and C. Sert},
	date-added = {2022-08-19 13:13:33 -0500},
	date-modified = {2022-08-19 13:13:55 -0500},
	journal = {preprint: arXiv:2201.00737},
	title = {Counting and boundary limit theorems for representations of Gromov-hyperbolic groups},
	year = {2022}}

@article{pollicott,
	author = {M. Pollicott},
	date-added = {2022-08-19 11:59:04 -0500},
	date-modified = {2022-08-23 12:38:51 -0500},
	journal = {Ergodic Theory Dynam. Systems.},
	month = {135-146},
	number = {1},
	title = {A complex {R}uelle--{P}erron--{F}robenius theorem and two counterexamples},
	volume = {4},
	year = {1984}}

@article{dolgopyat,
	author = {D. Dolgopyat},
	date-added = {2022-08-19 11:57:50 -0500},
	date-modified = {2022-08-19 11:58:28 -0500},
	journal = {Ergodic Theory Dynam. Systems.},
	pages = {1097-1114},
	title = {Prevalence of rapid mixing in hyperbolic flows},
	volume = {18},
	year = {1998}}
	
	@article {Dolgopyatbis,
    AUTHOR = {Dolgopyat, D.},
     TITLE = {On decay of correlations in {A}nosov flows},
   JOURNAL = {Ann. of Math. (2)},
  FJOURNAL = {Annals of Mathematics. Second Series},
    VOLUME = {147},
      YEAR = {1998},
    NUMBER = {2},
     PAGES = {357--390},
      ISSN = {0003-486X,1939-8980},
   MRCLASS = {58F11 (58F15)},
  MRNUMBER = {1626749},
MRREVIEWER = {Luis\ M.\ Barreira},
       DOI = {10.2307/121012},
       URL = {https://doi.org/10.2307/121012},
}

@article{schwarz.sharp,
	author = {R. Schwartz and R. Sharp},
	date-added = {2022-08-19 11:15:28 -0500},
	date-modified = {2022-08-19 11:16:27 -0500},
	journal = {Communications in Mathematical Physics},
	number = {154},
	pages = {423-430},
	title = {The correlation of length spectra of two hyperbolic surfaces},
	year = {1993}}

@article{cantrell.tanaka.1,
	author = {S. Cantrell and R. Tanaka},
	date-added = {2022-08-19 11:13:52 -0500},
	date-modified = {2022-08-19 11:14:44 -0500},
	journal = {preprint: arXiv:2104.13451},
	title = {The Manhattan curve, ergodic theory of topological flows and rigidity},
	year = {2021}}

@article{cantrell.pollicott,
	author = {S. Cantrell and M. Pollicott},
	journal = {Groups, Geometry, and Dynamics},
	number ={2},
	volume ={16},
	pages ={461-491},
	title = {Comparison theorems for closed geodesics on negatively curved surfaces},
	year = {2022}}

@article{schwartz.sharp,
	author = {R. Sharp and R. Schwartz},
	journal = {Communications in Mathematical Physics},
	volume ={153},
	pages ={423-430},
	title = {The correlation of length spectra of two hyperbolic surfaces},
	year = {1993}}



@book{kato,
	author = {T. Kato},
	date-added = {2022-08-19 11:11:59 -0500},
	date-modified = {2022-08-19 11:13:20 -0500},
	publisher = {Springer-Verlag, Berlin},
	title = {Perturbation Theory for Linear Operators},
	year = {1980}}

@article{cantrell.sharp,
	author = {S. Cantrell and R. Sharp},
	date-added = {2022-08-19 11:10:35 -0500},
	date-modified = {2022-08-19 11:11:26 -0500},
	journal = {Dynam. Systems.},
	pages = {142-153},
	title = {A central limit theorem for periodic orbits of hyperbolic flows},
	volume = {36},
	year = {2021}}


@article{horsham.sharp,
	author = {M. Horsham and R. Sharp},
	date-added = {2022-08-19 11:10:35 -0500},
	date-modified = {2022-08-19 11:11:26 -0500},
	journal = {Spectral Analysis in Geometry and Number Theory, Contemporary Mathematics},
	pages = {219-237},
	title = {Lengths, quasi-morphisms and statistics for free groups},
	volume = {484},
	year = {2009}}




@article{pollicott.sharp.2,
	author = {M. Pollicott and R. Sharp},
	date-added = {2022-08-19 11:07:58 -0500},
	date-modified = {2022-08-23 12:39:29 -0500},
	journal = {Ergodic Theory Dynam. Systems.},
	pages = {545-562},
	title = {Error terms for closed orbits of hyperbolic flows},
	volume = {21},
	year = {2001}}

@article{pollicott.sharp,
	author = {M. Pollicott and R. Sharp},
	date-added = {2022-08-19 11:06:21 -0500},
	date-modified = {2022-08-19 11:07:54 -0500},
	journal = {Trans. Amer. Math. Soc.},
	pages = {473-499},
	title = {Comparison theorems and orbtit counting in hyperbolic geometry},
	volume = {350},
	year = {1998}}

@article{sharp,
	author = {R. Sharp},
	date-added = {2022-08-19 11:03:24 -0500},
	date-modified = {2022-08-23 12:39:42 -0500},
	journal = {Monatshefter f\"ur Mathematik},
	pages = {261-304},
	title = {Prime orbit theprems with multi-dimensional contraits for {A}xiom {A} flows},
	volume = {114},
	year = {1992}}

@article{Oregon-Reyes,
	author = {E. Oreg\'{o}n-Reyes},
	date-modified = {2022-10-19 07:51:33 -0500},
	journal = {To appear in Journal of the LMS},
	note = {arXiv:2204.12545},
	title = {The space of metric structures on hyperbolic groups},
	year = {2022}}
	
	
	

@article{hwang.janson,
	author = {H. Hwang and S. Janson},
	volume={16},
	pages={347–361},
	journal = {Electron. J. Probab. },
	title = {A central limit theorem for random ordered factorizations of integers},
	year = {2011}}


@article{Tdim,
	author = {R. Tanaka},
	date-added = {2020-01-09 04:22:21 +0000},
	date-modified = {2022-10-06 12:14:16 -0500},
	journal = {Ergodic Theory Dynam. Systems.},
	pages = {474-499},
	title = {Dimension of harmonic measures in hyperbolic spaces},
	volume = {39},
	year = {2019}}
	
	

@article{GouezelAncona,
	author = {S. Gou\"{e}zel},
	date-modified = {2022-10-06 12:26:54 -0500},
	doi = {10.1214/14-AOP938},
	fjournal = {The Annals of Probability},
	issn = {0091-1798},
	journal = {Ann. Probab.},
	mrclass = {60J50 (31C35 60B15)},
	mrnumber = {3395464},
	mrreviewer = {Roman Urban},
	number = {5},
	pages = {2374--2404},
	title = {Martin boundary of random walks with unbounded jumps in hyperbolic groups},
	url = {https://doi.org/10.1214/14-AOP938},
	volume = {43},
	year = {2015},
	bdsk-url-1 = {https://doi.org/10.1214/14-AOP938}}

@article{KapovichRep,
	author = {M. Kapovich},
	date-modified = {2022-10-06 12:28:12 -0500},
	doi = {10.2140/gt.2005.9.1915},
	fjournal = {Geometry and Topology},
	issn = {1465-3060},
	journal = {Geom. Topol.},
	mrclass = {20F69 (20G05)},
	mrnumber = {2175160},
	mrreviewer = {Stephen G. Brick},
	pages = {1915--1951},
	title = {Representations of polygons of finite groups},
	url = {https://doi.org/10.2140/gt.2005.9.1915},
	volume = {9},
	year = {2005},
	bdsk-url-1 = {https://doi.org/10.2140/gt.2005.9.1915}}

@article{CoornaertPapadopoulos,
	author = {M. Coornaert and A. Papadopoulos},
	date-modified = {2022-10-06 12:30:11 -0500},
	doi = {10.1007/s00229-002-0321-9},
	fjournal = {Manuscripta Mathematica},
	issn = {0025-2611},
	journal = {Manuscripta Math.},
	mrclass = {37D40 (20F67 37B10 53D25 57M07)},
	mrnumber = {1946714},
	mrreviewer = {Rafael Oswaldo Ruggiero},
	number = {4},
	pages = {465--492},
	title = {Symbolic coding for the geodesic flow associated to a word hyperbolic group},
	url = {https://doi.org/10.1007/s00229-002-0321-9},
	volume = {109},
	year = {2002},
	bdsk-url-1 = {https://doi.org/10.1007/s00229-002-0321-9}}

@article{MineyevFlow,
	author = {Mineyev, I.},
	date-added = {2019-10-04 01:51:18 +0000},
	date-modified = {2019-11-22 15:16:38 +0000},
	journal = {Geom. Topol.},
	pages = {403-482},
	title = {Flows and joins of metric spaces},
	volume = {9},
	year = {2005}}

@inproceedings{FurmanCoarse,
	address = {Berlin},
	author = {A. Furman},
	booktitle = {Rigidity in dynamics and geometry (Cambridge, 2000)},
	date-added = {2019-11-14 09:29:22 +0000},
	date-modified = {2022-10-06 11:58:26 -0500},
	pages = {149-166},
	publisher = {Springer},
	title = {Coarse-geometric perspective on negatively curved manifolds and groups},
	year = {2002}}

@article{BCSsurvey,
	author = {BM. ridgeman and R. Canary and A. Sambarino},
	date-modified = {2022-10-06 11:57:31 -0500},
	doi = {10.1017/etds.2016.111},
	fjournal = {Ergodic Theory and Dynamical Systems},
	issn = {0143-3857},
	journal = {Ergodic Theory Dynam. Systems},
	mrclass = {37D35 (30F60 32G15)},
	mrnumber = {3833339},
	mrreviewer = {Charles C. Johnson},
	number = {6},
	pages = {2001--2035},
	title = {An introduction to pressure metrics for higher {T}eichm\"{u}ller spaces},
	url = {https://doi.org/10.1017/etds.2016.111},
	volume = {38},
	year = {2018},
	bdsk-url-1 = {https://doi.org/10.1017/etds.2016.111}}

@article{PollicottFlow,
	author = {M. Pollicott},
	date-modified = {2022-10-06 12:30:21 -0500},
	doi = {10.2307/2374558},
	fjournal = {American Journal of Mathematics},
	issn = {0002-9327},
	journal = {Amer. J. Math.},
	mrclass = {58F11 (58F15)},
	mrnumber = {878205},
	mrreviewer = {S. Yu. Pilyugin},
	number = {1},
	pages = {183--200},
	title = {Symbolic dynamics for {S}male flows},
	url = {https://doi.org/10.2307/2374558},
	volume = {109},
	year = {1987},
	bdsk-url-1 = {https://doi.org/10.2307/2374558}}

@article{CLTstrong,
	author = {D. Constantine and J-F. Lafont and D. Thompson},
	date-modified = {2022-10-06 12:29:50 -0500},
	doi = {10.5802/jep.115},
	fjournal = {Journal de l'\'{E}cole polytechnique. Math\'{e}matiques},
	issn = {2429-7100},
	journal = {J. \'{E}c. polytech. Math.},
	mrclass = {37D40 (37B10 37D20)},
	mrnumber = {4054334},
	mrreviewer = {Boris Hasselblatt},
	pages = {201--231},
	title = {Strong symbolic dynamics for geodesic flows on {${\rm CAT}(-1)$} spaces and other metric {A}nosov flows},
	url = {https://doi.org/10.5802/jep.115},
	volume = {7},
	year = {2020},
	bdsk-url-1 = {https://doi.org/10.5802/jep.115}}

@article{BowenSeriesMarkov,
	author = {R. Bowen and C. Series},
	date-modified = {2022-10-06 12:26:45 -0500},
	fjournal = {Institut des Hautes \'{E}tudes Scientifiques. Publications Math\'{e}matiques},
	issn = {0073-8301},
	journal = {Inst. Hautes \'{E}tudes Sci. Publ. Math.},
	mrclass = {58F11 (30C60 30F35)},
	mrnumber = {556585},
	mrreviewer = {Troels J\o rgensen},
	number = {50},
	pages = {153--170},
	title = {Markov maps associated with {F}uchsian groups},
	url = {http://www.numdam.org/item?id=PMIHES_1979__50__153_0},
	year = {1979},
	bdsk-url-1 = {http://www.numdam.org/item?id=PMIHES_1979__50__153_0}}

@phdthesis{BourdonThese,
	author = {Bourdon, M.},
	date-added = {2020-01-28 05:20:17 +0000},
	date-modified = {2020-01-28 05:23:06 +0000},
	school = {Universit\'e de Paris-Sud},
	title = {Actions quasi-convexes d'un groupe hyperbolique, flot g\'eod\'esique},
	year = {1993}}

@article{Dalbo,
	author = {F. Dal'bo},
	date-modified = {2022-10-06 12:28:01 -0500},
	doi = {10.1007/BF01235869},
	fjournal = {Boletim da Sociedade Brasileira de Matem\'{a}tica. Nova S\'{e}rie},
	issn = {0100-3569},
	journal = {Bol. Soc. Brasil. Mat. (N.S.)},
	mrclass = {53D25 (37D40 53C22)},
	mrnumber = {1703039},
	mrreviewer = {Ruth Gornet},
	number = {2},
	pages = {199--221},
	title = {Remarques sur le spectre des longueurs d'une surface et comptages},
	url = {https://doi.org/10.1007/BF01235869},
	volume = {30},
	year = {1999},
	bdsk-url-1 = {https://doi.org/10.1007/BF01235869}}

@incollection{GromovHyperbolic,
	author = {Gromov, M.},
	booktitle = {Essays in Group Theory},
	doi = {10.1007/978-1-4613-9586-7\_3},
	mrclass = {20F32 (20F06 20F10 22E40 53C20 57R75 58F17)},
	mrnumber = {919829},
	mrreviewer = {Christopher W. Stark},
	pages = {75--263},
	publisher = {Springer, New York},
	series = {Math. Sci. Res. Inst. Publ.},
	title = {Hyperbolic groups},
	url = {https://doi.org/10.1007/978-1-4613-9586-7_3},
	volume = {8},
	year = {1987},
	bdsk-url-1 = {https://doi.org/10.1007/978-1-4613-9586-7_3},
	bdsk-url-2 = {https://doi.org/10.1007/978-1-4613-9586-7%5C_3}}

@article{GMM2018,
	author = {S. Gou\"{e}zel and F. Math\'{e}us and F. Maucourant},
	date-modified = {2022-10-06 12:15:03 -0500},
	doi = {10.1007/s00222-018-0788-y},
	fjournal = {Inventiones Mathematicae},
	issn = {0020-9910},
	journal = {Invent. Math.},
	mrclass = {37B10 (22E40 60B15 60J05)},
	mrnumber = {3763407},
	mrreviewer = {Douglas P. Dokken},
	number = {3},
	pages = {1201--1255},
	title = {Entropy and drift in word hyperbolic groups},
	url = {https://doi.org/10.1007/s00222-018-0788-y},
	volume = {211},
	year = {2018},
	bdsk-url-1 = {https://doi.org/10.1007/s00222-018-0788-y}}

@article{Kosenko,
	author = {P. Kosenko},
	date-modified = {2022-10-06 12:18:44 -0500},
	doi = {10.1093/imrn/rnaa213},
	fjournal = {International Mathematics Research Notices. IMRN},
	issn = {1073-7928},
	journal = {Int. Math. Res. Not. IMRN},
	mrclass = {30F30 (57M07)},
	mrnumber = {4230410},
	mrreviewer = {Peter Ha\"{\i}ssinsky},
	number = {6},
	pages = {4709--4728},
	title = {Fundamental inequality for hyperbolic {C}oxeter and {F}uchsian groups equipped with geometric distances},
	url = {https://doi.org/10.1093/imrn/rnaa213},
	year = {2021},
	bdsk-url-1 = {https://doi.org/10.1093/imrn/rnaa213}}

@unpublished{KosenkoTiozzo,
	author = {P. Kosenko and G. Tiozzo},
	date-modified = {2022-10-06 12:31:31 -0500},
	note = {arXiv:2012.07417},
	title = {The fundamental inequality for cocompact {F}uchsian groups},
	year = {2020}}

@article{BCLS,
	author = {M. Bridgeman and R. Canary and F. Labourie and A. Sambarino},
	date-modified = {2022-10-06 12:32:20 -0500},
	doi = {10.1007/s00039-015-0333-8},
	fjournal = {Geometric and Functional Analysis},
	issn = {1016-443X},
	journal = {Geom. Funct. Anal.},
	mrclass = {37D35 (20F65 37D40 57M50 58D29)},
	mrnumber = {3385630},
	mrreviewer = {Boris Hasselblatt},
	number = {4},
	pages = {1089--1179},
	title = {The pressure metric for {A}nosov representations},
	url = {https://doi.org/10.1007/s00039-015-0333-8},
	volume = {25},
	year = {2015},
	bdsk-url-1 = {https://doi.org/10.1007/s00039-015-0333-8}}

@book{DemboZeitouni,
	author = {A. Dembo and O. Zeitouni},
	date-modified = {2022-10-06 12:23:46 -0500},
	doi = {10.1007/978-1-4612-5320-4},
	edition = {Second},
	isbn = {0-387-98406-2},
	mrclass = {60F10},
	mrnumber = {1619036},
	pages = {xvi+396},
	publisher = {Springer-Verlag, New York},
	series = {Applications of Mathematics (New York)},
	title = {Large {D}eviations {T}echniques and {A}pplications},
	url = {https://doi.org/10.1007/978-1-4612-5320-4},
	volume = {38},
	year = {1998},
	bdsk-url-1 = {https://doi.org/10.1007/978-1-4612-5320-4}}

@article{Benoist,
	author = {Y. Benoist},
	date-modified = {2022-10-06 11:57:01 -0500},
	doi = {10.2307/2118594},
	fjournal = {Annals of Mathematics. Second Series},
	issn = {0003-486X},
	journal = {Ann. of Math. (2)},
	mrclass = {22E40},
	mrnumber = {1418901},
	mrreviewer = {Scot Adams},
	number = {2},
	pages = {315--347},
	title = {Actions propres sur les espaces homog\`enes r\'{e}ductifs},
	url = {https://doi.org/10.2307/2118594},
	volume = {144},
	year = {1996},
	bdsk-url-1 = {https://doi.org/10.2307/2118594}}

@incollection{BowditchConvergence,
	author = {Bowditch, B. H.},
	booktitle = {Geometric Group Theory Down Under ({C}anberra, 1996)},
	mrclass = {20F34 (20E08 57S30)},
	mrnumber = {1714838},
	mrreviewer = {Fr\'{e}d\'{e}ric Paulin},
	pages = {23--54},
	publisher = {de Gruyter, Berlin},
	title = {Convergence groups and configuration spaces},
	year = {1999}}

@article{CoornaertKnieper,
	author = {Coornaert, M. and Knieper, G.},
	doi = {10.1007/s00039-002-8254-8},
	fjournal = {Geometric and Functional Analysis},
	issn = {1016-443X},
	journal = {Geom. Funct. Anal.},
	mrclass = {20F67 (37C85 57M07)},
	mrnumber = {1924369},
	mrreviewer = {John Meier},
	number = {3},
	pages = {464--478},
	title = {Growth of conjugacy classes in {G}romov hyperbolic groups},
	url = {https://doi.org/10.1007/s00039-002-8254-8},
	volume = {12},
	year = {2002},
	bdsk-url-1 = {https://doi.org/10.1007/s00039-002-8254-8}}

@article{BochiPotrieSambarino,
	author = {J. Bochi and R. Potrie and A. Sambarino},
	date-modified = {2022-10-06 11:57:53 -0500},
	doi = {10.4171/JEMS/905},
	fjournal = {Journal of the European Mathematical Society (JEMS)},
	issn = {1435-9855},
	journal = {J. Eur. Math. Soc. (JEMS)},
	mrclass = {22E40 (20F67 37B99 37D30 53C35)},
	mrnumber = {4012341},
	mrreviewer = {Alejandro Ucan-Puc},
	number = {11},
	pages = {3343--3414},
	title = {Anosov representations and dominated splittings},
	url = {https://doi.org/10.4171/JEMS/905},
	volume = {21},
	year = {2019},
	bdsk-url-1 = {https://doi.org/10.4171/JEMS/905}}

@article{BochiGourmelon,
	author = {J. Bochi and N. Gourmelon},
	date-modified = {2022-10-06 12:28:46 -0500},
	doi = {10.1007/s00209-009-0494-y},
	fjournal = {Mathematische Zeitschrift},
	issn = {0025-5874},
	journal = {Math. Z.},
	mrclass = {37D30},
	mrnumber = {2529495},
	mrreviewer = {Alexander Arbieto},
	number = {1},
	pages = {221--231},
	title = {Some characterizations of domination},
	url = {https://doi.org/10.1007/s00209-009-0494-y},
	volume = {263},
	year = {2009},
	bdsk-url-1 = {https://doi.org/10.1007/s00209-009-0494-y}}

@book{BridsonHaefliger,
	author = {M. Bridson and A. Haefliger},
	date-modified = {2022-10-06 12:27:19 -0500},
	doi = {10.1007/978-3-662-12494-9},
	isbn = {3-540-64324-9},
	mrclass = {53C23 (20F65 53C70 57M07)},
	mrnumber = {1744486},
	mrreviewer = {Athanase Papadopoulos},
	pages = {xxii+643},
	publisher = {Springer-Verlag, Berlin},
	series = {Grundlehren der mathematischen Wissenschaften [Fundamental Principles of Mathematical Sciences]},
	title = {Metric Spaces of Non-Positive Curvature},
	url = {https://doi.org/10.1007/978-3-662-12494-9},
	volume = {319},
	year = {1999},
	bdsk-url-1 = {https://doi.org/10.1007/978-3-662-12494-9}}

@incollection{LedrappierFreeGroups,
	author = {F. Ledrappier},
	booktitle = {Topics in Probability and {L}ie groups: Boundary Theory},
	date-modified = {2022-10-06 12:28:31 -0500},
	doi = {10.1090/crmp/028/05},
	mrclass = {60J50 (60B15 60G50)},
	mrnumber = {1832436},
	mrreviewer = {Wolfgang Woess},
	pages = {117--152},
	publisher = {Amer. Math. Soc., Providence, RI},
	series = {CRM Proc. Lecture Notes},
	title = {Some asymptotic properties of random walks on free groups},
	url = {https://doi.org/10.1090/crmp/028/05},
	volume = {28},
	year = {2001},
	bdsk-url-1 = {https://doi.org/10.1090/crmp/028/05}}

@article{Sambarino,
	author = {A. Sambarino},
	date-modified = {2022-10-06 12:27:37 -0500},
	doi = {10.4171/CMH/324},
	fjournal = {Commentarii Mathematici Helvetici. A Journal of the Swiss Mathematical Society},
	issn = {0010-2571},
	journal = {Comment. Math. Helv.},
	mrclass = {22E40 (37D20)},
	mrnumber = {3229035},
	mrreviewer = {Dave Witte Morris},
	number = {2},
	pages = {443--488},
	title = {Quantitative properties of convex representations},
	url = {https://doi.org/10.4171/CMH/324},
	volume = {89},
	year = {2014},
	bdsk-url-1 = {https://doi.org/10.4171/CMH/324}}

@article{KaimanovichCrelle,
	author = {V. Kaimanovich},
	date-modified = {2022-10-06 12:18:16 -0500},
	doi = {10.1515/crll.1994.455.57},
	fjournal = {Journal f\"{u}r die Reine und Angewandte Mathematik. [Crelle's Journal]},
	issn = {0075-4102},
	journal = {J. Reine Angew. Math.},
	mrclass = {58F11 (28D10 57S25 58F17 60J50)},
	mrnumber = {1293874},
	mrreviewer = {Michel Coornaert},
	pages = {57--103},
	title = {Ergodicity of harmonic invariant measures for the geodesic flow on hyperbolic spaces},
	url = {https://doi.org/10.1515/crll.1994.455.57},
	volume = {455},
	year = {1994},
	bdsk-url-1 = {https://doi.org/10.1515/crll.1994.455.57}}

@booklet{FisherHasselblatt,
	author = {Fisher, T., and Hasselblatt, B.},
	date-added = {2019-11-12 01:15:54 +0000},
	date-modified = {2019-11-12 01:31:37 +0000},
	howpublished = {Lecture Notes in Mathematical Sciences, The University of Tokyo, Vol.\ 16},
	series = {Lecture Notes in Mathematical Sciences, The University of Tokyo},
	title = {Hyperbolic flows},
	volume = {16},
	year = {2018}}

@article{INO,
	author = {M. Izumi and S. Neshveyev and R. Okayasu},
	date-modified = {2022-10-06 12:32:38 -0500},
	doi = {10.1007/s11856-008-0013-6},
	fjournal = {Israel Journal of Mathematics},
	issn = {0021-2172},
	journal = {Israel J. Math.},
	mrclass = {60J50 (20F67 28D15 37A20 37D20 46L55 60B15)},
	mrnumber = {2391133},
	mrreviewer = {Sara Brofferio},
	pages = {285--316},
	title = {The ratio set of the harmonic measure of a random walk on a hyperbolic group},
	url = {https://doi.org/10.1007/s11856-008-0013-6},
	volume = {163},
	year = {2008},
	bdsk-url-1 = {https://doi.org/10.1007/s11856-008-0013-6}}

@unpublished{CT,
	author = {S. Cantrell and R. Tanaka},
	date-modified = {2022-10-06 12:31:55 -0500},
	note = {arXiv:2104.13451},
	title = {The {M}anhattan curve, ergodic theory of topological flows and rigidity},
	year = {2021}}

@article{Sigmund,
	author = {K. Sigmund},
	date-modified = {2022-10-06 12:18:53 -0500},
	doi = {10.1007/BF01404606},
	fjournal = {Inventiones Mathematicae},
	issn = {0020-9910},
	journal = {Invent. Math.},
	mrclass = {57.48 (28.00)},
	mrnumber = {286135},
	mrreviewer = {R. Ellis},
	pages = {99--109},
	title = {Generic properties of invariant measures for {A}xiom {${\rm A}$} diffeomorphisms},
	url = {https://doi.org/10.1007/BF01404606},
	volume = {11},
	year = {1970},
	bdsk-url-1 = {https://doi.org/10.1007/BF01404606}}

@article{MT,
	author = {J. Maher and G. Tiozzo},
	date-modified = {2022-10-06 12:27:53 -0500},
	doi = {10.1515/crelle-2015-0076},
	fjournal = {Journal f\"{u}r die Reine und Angewandte Mathematik. [Crelle's Journal]},
	issn = {0075-4102},
	journal = {J. Reine Angew. Math.},
	mrclass = {20F67 (20F65 20P05 37D40 60B15 60G50)},
	mrnumber = {3849626},
	mrreviewer = {Peter Ha\"{\i}ssinsky},
	pages = {187--239},
	title = {Random walks on weakly hyperbolic groups},
	url = {https://doi.org/10.1515/crelle-2015-0076},
	volume = {742},
	year = {2018},
	bdsk-url-1 = {https://doi.org/10.1515/crelle-2015-0076}}

@article{BHM11,
	author = {S. Blach\`{e}re and P. Haissinsky and P. Mathieu},
	date-modified = {2022-10-06 12:19:34 -0500},
	doi = {10.24033/asens.2153},
	fjournal = {Annales Scientifiques de l'\'{E}cole Normale Sup\'{e}rieure. Quatri\`{e}me S\'{e}rie},
	issn = {0012-9593},
	journal = {Ann. Sci. \'{E}c. Norm. Sup\'{e}r. (4)},
	mrclass = {20F67 (31C12 31C45 60B15)},
	mrnumber = {2919980},
	mrreviewer = {Goulnara N. Arzhantseva},
	number = {4},
	pages = {683--721},
	title = {Harmonic measures versus quasiconformal measures for hyperbolic groups},
	url = {https://doi.org/10.24033/asens.2153},
	volume = {44},
	year = {2011},
	bdsk-url-1 = {https://doi.org/10.24033/asens.2153}}

@unpublished{BaderFurman,
	author = {U. Bader and A. Furman},
	date-added = {2019-11-14 09:29:18 +0000},
	date-modified = {2022-10-06 12:29:00 -0500},
	note = {arXiv:1707.02020v2},
	title = {Some ergodic properties of metrics on hyperbolic groups},
	year = {2017}}
	


@article{KLP,
	author = {V. Kaimanovich and V. Le Prince},
	journal = {Geom. Dedicata},
	number = {150},
	pages = {257–279},
	title = {Matrix random products with singular harmonic measure},
	volume = {150},
	year = {2011}}



@incollection{KaimanovichInvariant,
	author = {V. Kaimanovich},
	date-modified = {2022-10-06 12:22:45 -0500},
	fjournal = {Annales de l'Institut Henri Poincar\'{e}. Physique Th\'{e}orique},
	issn = {0246-0211},
	journal = {Ann. Inst. H. Poincar\'{e} Phys. Th\'{e}or.},
	mrclass = {58F17 (58F11)},
	mrnumber = {1096098},
	mrreviewer = {Midori Goto},
	note = {Hyperbolic behaviour of dynamical systems (Paris, 1990)},
	number = {4},
	pages = {361--393},
	title = {Invariant measures of the geodesic flow and measures at infinity on negatively curved manifolds},
	url = {http://www.numdam.org/item?id=AIHPA_1990__53_4_361_0},
	volume = {53},
	year = {1990},
	bdsk-url-1 = {http://www.numdam.org/item?id=AIHPA_1990__53_4_361_0}}

@article{SharpFree,
	author = {R. Sharp},
	date-modified = {2022-10-06 12:14:26 -0500},
	doi = {10.3934/dcds.2010.26.347},
	fjournal = {Discrete and Continuous Dynamical Systems. Series A},
	issn = {1078-0947},
	journal = {Discrete Contin. Dyn. Syst.},
	mrclass = {37D35 (20E05 37C35)},
	mrnumber = {2552792},
	mrreviewer = {Seonhee Lim},
	number = {1},
	pages = {347--363},
	title = {Distortion and entropy for automorphisms of free groups},
	url = {https://doi.org/10.3934/dcds.2010.26.347},
	volume = {26},
	year = {2010},
	bdsk-url-1 = {https://doi.org/10.3934/dcds.2010.26.347}}

@article{arzlys,
	author = {Arzhantseva, G. N. and Lysenok, I. G.},
	doi = {10.1007/s00209-002-0434-6},
	fjournal = {Mathematische Zeitschrift},
	issn = {0025-5874},
	journal = {Math. Z.},
	mrclass = {20F67 (20E07)},
	mrnumber = {1938706},
	mrreviewer = {Jos\'{e} Burillo},
	number = {3},
	pages = {597--611},
	title = {Growth tightness for word hyperbolic groups},
	url = {https://doi.org/10.1007/s00209-002-0434-6},
	volume = {241},
	year = {2002},
	bdsk-url-1 = {https://doi.org/10.1007/s00209-002-0434-6}}

@book{GhysdelaHarpe,
	doi = {10.1007/978-1-4684-9167-8},
	editor = {Ghys, \'{E}. and de la Harpe, P.},
	isbn = {0-8176-3508-4},
	mrclass = {53C23 (20F32 57M05 57S30)},
	mrnumber = {1086648},
	mrreviewer = {Viktor Schroeder},
	note = {Papers from the Swiss Seminar on Hyperbolic Groups held in Bern, 1988},
	pages = {xii+285},
	publisher = {Birkh\"{a}user Boston, Inc., Boston, MA},
	series = {Progress in Mathematics},
	title = {Sur les groupes hyperboliques d'apr\`es {M}ikhael {G}romov},
	url = {https://doi.org/10.1007/978-1-4684-9167-8},
	volume = {83},
	year = {1990},
	bdsk-url-1 = {https://doi.org/10.1007/978-1-4684-9167-8}}

@article{gmt,
	author = {S. Gou\"{e}zel and F. Math\'{e}us and F. Maucourant},
	date-modified = {2022-10-06 12:17:52 -0500},
	doi = {10.1007/s00222-018-0788-y},
	fjournal = {Inventiones Mathematicae},
	issn = {0020-9910},
	journal = {Invent. Math.},
	mrclass = {37B10 (22E40 60B15 60J05)},
	mrnumber = {3763407},
	mrreviewer = {Douglas P. Dokken},
	number = {3},
	pages = {1201--1255},
	title = {Entropy and drift in word hyperbolic groups},
	url = {https://doi.org/10.1007/s00222-018-0788-y},
	volume = {211},
	year = {2018},
	bdsk-url-1 = {https://doi.org/10.1007/s00222-018-0788-y}}

@article{SeriesTheInfiniteWord,
	author = {C. Series},
	date-modified = {2022-10-06 12:31:40 -0500},
	doi = {10.1017/s0143385700001280},
	fjournal = {Ergodic Theory and Dynamical Systems},
	issn = {0143-3857},
	journal = {Ergodic Theory Dynam. Systems},
	mrclass = {30F35 (57N05 58F15 58F18)},
	mrnumber = {662473},
	mrreviewer = {Peter J. Nicholls},
	number = {3},
	pages = {337--360 (1982)},
	title = {The infinite word problem and limit sets in {F}uchsian groups},
	url = {https://doi.org/10.1017/s0143385700001280},
	volume = {1},
	year = {1981},
	bdsk-url-1 = {https://doi.org/10.1017/s0143385700001280}}

@incollection{FurmanCoarse,
	author = {Furman, Alex},
	booktitle = {Rigidity in dynamics and geometry ({C}ambridge, 2000)},
	mrclass = {53C24 (20F67)},
	mrnumber = {1919399},
	mrreviewer = {Bachir Bekka},
	pages = {149--166},
	publisher = {Springer, Berlin},
	title = {Coarse-geometric perspective on negatively curved manifolds and groups},
	year = {2002}}

@unpublished{BMSS,
	author = {A. Boulanger and P. Mathieu and C. Sert and A. Sisto},
	date-modified = {2022-10-06 12:23:30 -0500},
	note = {arXiv:2008.02709},
	title = {Large deviations for random walks on hyperbolic spaces},
	year = {2020}}

@article{SharpManhattan,
	author = {R. Sharp},
	date-modified = {2022-10-13 08:58:33 -0500},
	doi = {10.1007/PL00004643},
	fjournal = {Mathematische Zeitschrift},
	issn = {0025-5874},
	journal = {Math. Z.},
	mrclass = {37D40 (37D35)},
	mrnumber = {1644452},
	mrreviewer = {Vadim A. Ka\u{\i}manovich},
	number = {4},
	pages = {745--750},
	title = {The {M}anhattan curve and the correlation of length spectra on hyperbolic surfaces},
	url = {https://doi.org/10.1007/PL00004643},
	volume = {228},
	year = {1998},
	bdsk-url-1 = {https://doi.org/10.1007/PL00004643}}

@article{Kao,
	author = {N. Kao},
	date-modified = {2022-10-06 12:26:29 -0500},
	doi = {10.1017/etds.2018.124},
	fjournal = {Ergodic Theory and Dynamical Systems},
	issn = {0143-3857},
	journal = {Ergodic Theory Dynam. Systems},
	mrclass = {37D35 (30F45 30F60 37B10)},
	mrnumber = {4108907},
	number = {7},
	pages = {1843--1874},
	title = {Manhattan curves for hyperbolic surfaces with cusps},
	url = {https://doi.org/10.1017/etds.2018.124},
	volume = {40},
	year = {2020},
	bdsk-url-1 = {https://doi.org/10.1017/etds.2018.124}}

@manual{GAP4,
	key = {GAP},
	organization = {The GAP~Group},
	title = {{GAP -- Groups, Algorithms, and Programming, Version 4.11.1}},
	url = {\url{https://www.gap-system.org}},
	year = 2021,
	bdsk-url-1 = {https://www.gap-system.org}}

@article{Knieper,
	author = {G. Knieper},
	date-modified = {2022-10-06 12:14:06 -0500},
	doi = {10.1007/BF01192824},
	fjournal = {Archiv der Mathematik},
	issn = {0003-889X},
	journal = {Arch. Math. (Basel)},
	mrclass = {58F17 (53C22)},
	mrnumber = {710022},
	mrreviewer = {Translation of Autorreferat},
	number = {6},
	pages = {559--568},
	title = {Das {W}achstum der \"{A}quivalenzklassen geschlossener {G}eod\"{a}tischer in kompakten {M}annigfaltigkeiten},
	url = {https://doi.org/10.1007/BF01192824},
	volume = {40},
	year = {1983},
	bdsk-url-1 = {https://doi.org/10.1007/BF01192824}}

@article{georays,
	author = {S. Cantrell},
	date-modified = {2022-10-06 12:33:28 -0500},
	doi = {10.1007/s00209-020-02529-1},
	fjournal = {Mathematische Zeitschrift},
	issn = {0025-5874},
	journal = {Math. Z.},
	mrclass = {57M07 (37D40)},
	mrnumber = {4204710},
	number = {1-2},
	pages = {711--727},
	title = {Typical behaviour along geodesic rays in hyperbolic groups},
	url = {https://doi.org/10.1007/s00209-020-02529-1},
	volume = {297},
	year = {2021},
	bdsk-url-1 = {https://doi.org/10.1007/s00209-020-02529-1}}

@article{stats,
	author = {S. Cantrell},
	date-modified = {2022-10-06 12:29:07 -0500},
	doi = {10.1090/tran/8266},
	fjournal = {Transactions of the American Mathematical Society},
	issn = {0002-9947},
	journal = {Trans. Amer. Math. Soc.},
	mrclass = {37A50 (20F10 20F65 20F67)},
	mrnumber = {4223030},
	number = {4},
	pages = {2687--2732},
	title = {Statistical limit laws for hyperbolic groups},
	url = {https://doi.org/10.1090/tran/8266},
	volume = {374},
	year = {2021},
	bdsk-url-1 = {https://doi.org/10.1090/tran/8266}}

@book{ldb,
	author = {A. Dembo and O. Zeitouni},
	date-modified = {2022-10-06 12:25:50 -0500},
	doi = {10.1007/978-1-4612-5320-4},
	edition = {Second},
	isbn = {0-387-98406-2},
	mrclass = {60F10},
	mrnumber = {1619036},
	pages = {xvi+396},
	publisher = {Springer-Verlag, New York},
	series = {Applications of Mathematics (New York)},
	title = {Large {D}eviations {T}echniques and {A}pplications},
	url = {https://doi.org/10.1007/978-1-4612-5320-4},
	volume = {38},
	year = {1998},
	bdsk-url-1 = {https://doi.org/10.1007/978-1-4612-5320-4}}

@article{matrix,
	author = {S. Friedland},
	date-modified = {2022-10-06 12:26:09 -0500},
	doi = {10.1016/0024-3795(86)90120-5},
	fjournal = {Linear Algebra and its Applications},
	issn = {0024-3795},
	journal = {Linear Algebra Appl.},
	mrclass = {15A48 (15A18)},
	mrnumber = {822144},
	mrreviewer = {Zden\v{e}k Dost\'{a}l},
	pages = {173--178},
	title = {Limit eigenvalues of nonnegative matrices},
	url = {https://doi.org/10.1016/0024-3795(86)90120-5},
	volume = {74},
	year = {1986},
	bdsk-url-1 = {https://doi.org/10.1016/0024-3795(86)90120-5}}

@unpublished{GTT,
	author = {I. Gekhtman and S. Taylor and G. Tiozzo},
	date-modified = {2022-10-06 11:58:14 -0500},
	note = {arXiv:2004.13084},
	title = {Central limit theorems for counting measures in coarse negative curvature},
	year = {2020}}

@article{GTT2,
	author = {I. Gekhtman and S. Taylor and G. Tiozzo},
	date-modified = {2022-10-06 11:59:32 -0500},
	doi = {10.1112/topo.12053},
	fjournal = {Journal of Topology},
	issn = {1753-8416},
	journal = {J. Topol.},
	mrclass = {20F67 (37C85)},
	mrnumber = {3789828},
	mrreviewer = {Peter Ha\"{\i}ssinsky},
	number = {2},
	pages = {379--419},
	title = {Counting loxodromics for hyperbolic actions},
	url = {https://doi.org/10.1112/topo.12053},
	volume = {11},
	year = {2018},
	bdsk-url-1 = {https://doi.org/10.1112/topo.12053}}





@book{taylor,
	author = {Krantz, Steven G. and Parks, Harold R.},
	doi = {10.1007/978-0-8176-8134-0},
	edition = {Second},
	isbn = {0-8176-4264-1},
	mrclass = {26E05 (26-02 26E10 32B20)},
	mrnumber = {1916029},
	mrreviewer = {Solomon Marcus},
	pages = {xiv+205},
	publisher = {Birkh\"{a}user Boston, Inc., Boston, MA},
	series = {Birkh\"{a}user Advanced Texts: Basler Lehrb\"{u}cher. [Birkh\"{a}user Advanced Texts: Basel Textbooks]},
	title = {A primer of real analytic functions},
	url = {https://doi.org/10.1007/978-0-8176-8134-0},
	year = {2002},
	bdsk-url-1 = {https://doi.org/10.1007/978-0-8176-8134-0}}

@article{cs,
	author = {C. Series},
	date-modified = {2022-10-06 12:19:01 -0500},
	doi = {10.1017/S0143385700003722},
	fjournal = {Ergodic Theory and Dynamical Systems},
	issn = {0143-3857},
	journal = {Ergodic Theory Dynam. Systems},
	mrclass = {58F17 (58F11)},
	mrnumber = {873435},
	mrreviewer = {S. G. Dani},
	number = {4},
	pages = {601--625},
	title = {Geometrical {M}arkov coding of geodesics on surfaces of constant negative curvature},
	url = {https://doi.org/10.1017/S0143385700003722},
	volume = {6},
	year = {1986},
	bdsk-url-1 = {https://doi.org/10.1017/S0143385700003722}}

@book{Heinonen,
	author = {J. Heinonen},
	date-modified = {2022-10-06 12:26:00 -0500},
	doi = {10.1007/978-1-4613-0131-8},
	isbn = {0-387-95104-0},
	mrclass = {30C65 (28A75 28A78 46E35)},
	mrnumber = {1800917},
	mrreviewer = {Christopher Bishop},
	pages = {x+140},
	publisher = {Springer-Verlag, New York},
	series = {Universitext},
	title = {Lectures on {A}nalysis on {M}etric {S}paces},
	url = {https://doi.org/10.1007/978-1-4613-0131-8},
	year = {2001},
	bdsk-url-1 = {https://doi.org/10.1007/978-1-4613-0131-8}}

@article{KKS,
	author = {V. Kaimanovich and I. Kapovich and P. Schupp},
	date-modified = {2022-10-06 12:33:02 -0500},
	doi = {10.1007/s11856-006-0001-7},
	fjournal = {Israel Journal of Mathematics},
	issn = {0021-2172},
	journal = {Israel J. Math.},
	mrclass = {20F65 (37A30 60C05)},
	mrnumber = {2342439},
	mrreviewer = {Tatiana Smirnova-Nagnibeda},
	pages = {1--46},
	title = {The subadditive ergodic theorem and generic stretching factors for free group automorphisms},
	url = {https://doi.org/10.1007/s11856-006-0001-7},
	volume = {157},
	year = {2007},
	bdsk-url-1 = {https://doi.org/10.1007/s11856-006-0001-7}}
	
	

@article{ParryPollicott,
	author = {W. Parry and M. Pollicott},
	date-modified = {2022-10-06 12:33:42 -0500},
	fjournal = {Ast\'{e}risque},
	issn = {0303-1179},
	journal = {Ast\'{e}risque},
	mrclass = {58F20 (58F11 58F15)},
	mrnumber = {1085356},
	mrreviewer = {Nicola\u{\i} T. A. Haydn},
	number = {187-188},
	pages = {268},
	title = {Zeta functions and the periodic orbit structure of hyperbolic dynamics},
	year = {1990}}

@article{Cannon,
	author = {J. Cannon},
	date-modified = {2022-10-06 12:31:05 -0500},
	doi = {10.1007/BF00146825},
	fjournal = {Geometriae Dedicata},
	issn = {0046-5755},
	journal = {Geom. Dedicata},
	mrclass = {20F10 (05C25 22E40 57M05)},
	mrnumber = {758901},
	mrreviewer = {William Harvey},
	number = {2},
	pages = {123--148},
	title = {The combinatorial structure of cocompact discrete hyperbolic groups},
	url = {https://doi.org/10.1007/BF00146825},
	volume = {16},
	year = {1984},
	bdsk-url-1 = {https://doi.org/10.1007/BF00146825}}

@article{BurgerManhattan,
	author = {M. Burger},
	date-modified = {2022-10-06 12:22:36 -0500},
	doi = {10.1155/S1073792893000236},
	fjournal = {International Mathematics Research Notices},
	issn = {1073-7928},
	journal = {Internat. Math. Res. Notices},
	mrclass = {58F17 (53C20 53C35)},
	mrnumber = {1230298},
	mrreviewer = {Boris Hasselblatt},
	number = {7},
	pages = {217--225},
	title = {Intersection, the {M}anhattan curve, and {P}atterson-{S}ullivan theory in rank {$2$}},
	url = {https://doi.org/10.1155/S1073792893000236},
	year = {1993},
	bdsk-url-1 = {https://doi.org/10.1155/S1073792893000236}}

@article{Coornaert1993,
	author = {M. Coornaert},
	date-modified = {2022-10-06 12:27:02 -0500},
	fjournal = {Pacific Journal of Mathematics},
	issn = {0030-8730},
	journal = {Pacific J. Math.},
	mrclass = {57S30 (20F32 30F35 30F40 53C23)},
	mrnumber = {1214072},
	mrreviewer = {Christopher W. Stark},
	number = {2},
	pages = {241--270},
	title = {Mesures de {P}atterson-{S}ullivan sur le bord d'un espace hyperbolique au sens de {G}romov},
	url = {http://projecteuclid.org/euclid.pjm/1102634263},
	volume = {159},
	year = {1993},
	bdsk-url-1 = {http://projecteuclid.org/euclid.pjm/1102634263}}

@article{MineyevFlow,
	author = {Mineyev, I.},
	date-modified = {2022-10-06 12:18:28 -0500},
	doi = {10.2140/gt.2005.9.403},
	fjournal = {Geometry and Topology},
	issn = {1465-3060},
	journal = {Geom. Topol.},
	mrclass = {37D40 (20F65 20F67 57M07 57N16)},
	mrnumber = {2140987},
	mrreviewer = {Darryl McCullough},
	pages = {403--482},
	title = {Flows and joins of metric spaces},
	url = {https://doi.org/10.2140/gt.2005.9.403},
	volume = {9},
	year = {2005},
	bdsk-url-1 = {https://doi.org/10.2140/gt.2005.9.403}}

@article{BonkSchramm,
	author = {Bonk, M. and Schramm, O.},
	doi = {10.1007/s000390050009},
	fjournal = {Geometric and Functional Analysis},
	issn = {1016-443X},
	journal = {Geom. Funct. Anal.},
	mrclass = {53C23 (54E40 57M07)},
	mrnumber = {1771428},
	mrreviewer = {Michel Coornaert},
	number = {2},
	pages = {266--306},
	title = {Embeddings of {G}romov hyperbolic spaces},
	url = {https://doi.org/10.1007/s000390050009},
	volume = {10},
	year = {2000},
	bdsk-url-1 = {https://doi.org/10.1007/s000390050009}}

@book{Calegariscl,
	author = {D. Calegari},
	date-modified = {2022-10-06 12:28:23 -0500},
	doi = {10.1142/e018},
	isbn = {978-4-931469-53-2},
	mrclass = {57M07 (20F65 20F67 20J05 37E45)},
	mrnumber = {2527432},
	mrreviewer = {Athanase Papadopoulos},
	pages = {xii+209},
	publisher = {Mathematical Society of Japan, Tokyo},
	series = {MSJ Memoirs},
	title = {scl},
	url = {https://doi.org/10.1142/e018},
	volume = {20},
	year = {2009},
	bdsk-url-1 = {https://doi.org/10.1142/e018}}

@article{GouezelLocalLimit,
	author = {S. Gou\"{e}zel},
	date-modified = {2022-10-06 12:26:18 -0500},
	doi = {10.1090/S0894-0347-2014-00788-8},
	fjournal = {Journal of the American Mathematical Society},
	issn = {0894-0347},
	journal = {J. Amer. Math. Soc.},
	mrclass = {60J50 (05C81 20F67)},
	mrnumber = {3194496},
	mrreviewer = {Wolfgang Woess},
	number = {3},
	pages = {893--928},
	title = {Local limit theorem for symmetric random walks in {G}romov-hyperbolic groups},
	url = {https://doi.org/10.1090/S0894-0347-2014-00788-8},
	volume = {27},
	year = {2014},
	bdsk-url-1 = {https://doi.org/10.1090/S0894-0347-2014-00788-8}}

@article{CalegariFujiwara2010,
	author = {D. Calegari, and K. Fujiwara},
	date-modified = {2022-10-13 09:04:44 -0500},
	doi = {10.1017/S0143385709000662},
	fjournal = {Ergodic Theory and Dynamical Systems},
	issn = {0143-3857},
	journal = {Ergodic Theory Dynam. Systems},
	mrclass = {20F67 (37B99 60B15 60F05)},
	mrnumber = {2718897},
	mrreviewer = {Georgios Tsapogas},
	number = {5},
	pages = {1343--1369},
	title = {Combable functions, quasimorphisms, and the central limit theorem},
	url = {https://doi.org/10.1017/S0143385709000662},
	volume = {30},
	year = {2010},
	bdsk-url-1 = {https://doi.org/10.1017/S0143385709000662}}

@incollection{Calegari,
	author = {D. Calegari},
	booktitle = {Geometry and Topology Down Under},
	date-modified = {2022-10-06 12:31:15 -0500},
	doi = {10.1090/conm/597/11762},
	mrclass = {20F67 (37D20 60B15 60J80 68Q70)},
	mrnumber = {3186668},
	mrreviewer = {Pei Dong Liu},
	pages = {15--52},
	publisher = {Amer. Math. Soc., Providence, RI},
	series = {Contemp. Math.},
	title = {The ergodic theory of hyperbolic groups},
	url = {https://doi.org/10.1090/conm/597/11762},
	volume = {597},
	year = {2013},
	bdsk-url-1 = {https://doi.org/10.1090/conm/597/11762}}


@article{rivin,
	author = {I. Rivin},
	journal = {Illinois J. Math},
	pages = {327–370},
	title = {Growth in free groups (and other stories) – twelve years later},
	volume = {54},
	year = {2010}}

@article{chas.lalley,
	author = {M. Chas and S. P. Lalley},
	journal = {Invent. Math.},
	number={2},
	pages = {429–463},
	title = {Self-intersections in combinatorial topology: statistical structure},
	volume = {2},
	number={188},
	year = {2012}}



@article{Nica.Spakula,
	author = {B. Nica and J. {\v S}pakula},
	date-modified = {2022-10-06 12:29:23 -0500},
	doi = {10.4171/GGD/372},
	fjournal = {Groups, Geometry, and Dynamics},
	issn = {1661-7207},
	journal = {Groups Geom. Dyn.},
	mrclass = {20F67 (31C15 51M10 53C23)},
	mrnumber = {3551185},
	mrreviewer = {Ryokichi Tanaka},
	number = {3},
	pages = {951--964},
	title = {Strong hyperbolicity},
	url = {https://doi.org/10.4171/GGD/372},
	volume = {10},
	year = {2016},
	bdsk-url-1 = {https://doi.org/10.4171/GGD/372}}

@article{babillot.ledrappier,
	author = {M. Babillot and F. Ledrappier},
	journal = {Ergodic theory and dynamical systems},
	pages = {17–39},
	title = {Lalley’s theorem on periodic orbits of hyperbolic flows},
	volume = {188},
	year = {1998}}

@article{lalley,
	author = {S. Lalley},
	journal = {Duke Math. J.},
	pages = {795-821},
	title = {Closed geodesics in homology classes on surfaces of variable negative curvature},
	volume = {58},
	year = {1989}}


@article{THaus,
	author = {R. Tanaka},
	date-modified = {2022-10-06 12:22:25 -0500},
	doi = {10.1017/etds.2015.48},
	fjournal = {Ergodic Theory and Dynamical Systems},
	issn = {0143-3857},
	journal = {Ergodic Theory Dynam. Systems},
	mrclass = {37D40 (20F67 22D40 28A80 31C45 60B15 60J50)},
	mrnumber = {3590503},
	mrreviewer = {Murat Akman},
	number = {1},
	pages = {277--307},
	title = {Hausdorff spectrum of harmonic measure},
	url = {https://doi.org/10.1017/etds.2015.48},
	volume = {37},
	year = {2017},
	bdsk-url-1 = {https://doi.org/10.1017/etds.2015.48}}

@article{TopFlows,
	author = {R. Tanaka},
	date-modified = {2022-10-06 12:33:20 -0500},
	doi = {10.1017/etds.2020.101},
	fjournal = {Ergodic Theory and Dynamical Systems},
	issn = {0143-3857},
	journal = {Ergodic Theory Dynam. Systems},
	mrclass = {20F67 (37D35 37D40)},
	mrnumber = {4321719},
	number = {11},
	pages = {3474--3520},
	title = {Topological flows for hyperbolic groups},
	url = {https://doi.org/10.1017/etds.2020.101},
	volume = {41},
	year = {2021},
	bdsk-url-1 = {https://doi.org/10.1017/etds.2020.101}}

@book{Roblin,
	author = {T. Roblin},
	date-modified = {2022-10-13 08:58:23 -0500},
	pages = {vi+96},
	publisher = {SNF},
	series = {M\'em. Soc. Math. Fr.},
	title = {Ergodicit\'e et \'equidistribution en courbure n\'egative},
	volume = {95},
	year = {2002}}

@article{cantrell.tanaka.2,
	author = {S. Cantrell and R .Tanaka},
	date-modified = {2022-10-06 12:23:03 -0500},
	journal = {preprint},
	title = {Invariant measures of the topological flow and measures at infinity for hyperbolic groups},
	year = {2022}}
	
	
	@article {BAG:01,
    AUTHOR = {A. Broise and Y. Guivarch},
     TITLE = {Exposants caract\'{e}ristiques de l'algorithme de
              {J}acobi-{P}erron et de la transformation associ\'{e}e},
   JOURNAL = {Ann. Inst. Fourier (Grenoble)},
  FJOURNAL = {Universit\'{e} de Grenoble. Annales de l'Institut Fourier},
    VOLUME = {51},
      YEAR = {2001},
    NUMBER = {3},
     PAGES = {565--686},
}


	
	@article {broise,
    AUTHOR = {A. Broise},
     TITLE = {Fractions continues multidimensionnelles et lois stables},
   JOURNAL = {Bull. Soc. Math. France},
  FJOURNAL = {Bulletin de la Soci\'{e}t\'{e} Math\'{e}matique de France},
    VOLUME = {124},
      YEAR = {1996},
    NUMBER = {1},
     PAGES = {97--139},
      ISSN = {0037-9484},
   MRCLASS = {11K50 (60E07 60F05)},
  MRNUMBER = {1395008},
MRREVIEWER = {Roger Paysant-Le Roux},
       URL = {http://www.numdam.org/item?id=BSMF_1996__124_1_97_0},
}


@book{Schweiger:00,
	author = {Schweiger, F.},
	publisher = {Oxford University Press, Oxford},
	series = {Oxford Science Publications},
	title = {Multidimensional continued fractions},
	year = {2000}}



@article {Romik,
    AUTHOR = {Romik, D.},
     TITLE = {The dynamics of {P}ythagorean triples},
   JOURNAL = {Trans. Amer. Math. Soc.},
  FJOURNAL = {Transactions of the American Mathematical Society},
    VOLUME = {360},
      YEAR = {2008},
    NUMBER = {11},
     PAGES = {6045--6064},
      ISSN = {0002-9947},
       DOI = {10.1090/S0002-9947-08-04467-X},
       URL = {https://doi.org/10.1090/S0002-9947-08-04467-X},
}
	
	
	@book {Baladi,
    AUTHOR = {Baladi, V.},
     TITLE = {Positive transfer operators and decay of correlations},
    SERIES = {Advanced Series in Nonlinear Dynamics},
    VOLUME = {16},
 PUBLISHER = {World Scientific Publishing Co., Inc., River Edge, NJ},
      YEAR = {2000},
     PAGES = {x+314},
      ISBN = {981-02-3328-0},       DOI = {10.1142/9789812813633},
       URL = {https://doi.org/10.1142/9789812813633},
}

@article {Pod:77,
    AUTHOR = {Podsypanin, E. V.},
     TITLE = {A generalization of the continued fraction algorithm that is
              related to the {V}iggo {B}run algorithm},
      NOTE = {Studies in number theory (LOMI), 4},
   JOURNAL = {Zap. Nau\v cn. Sem. Leningrad. Otdel. Mat. Inst. Steklov.
              (LOMI)},
  FJOURNAL = {Zapiski Nau\v cnyh Seminarov Leningradskogo Otdelenija
              Matemati\v ceskogo Instituta im. V. A. Steklova Akademii Nauk
              SSSR (LOMI)},
    VOLUME = {67},
      YEAR = {1977},
     PAGES = {184--194, 227},
}

@incollection {BRUN,
    AUTHOR = {Brun, V.},
     TITLE = {Algorithmes euclidiens pour trois et quatre nombres},
 BOOKTITLE = {Treizi\`eme congr\`es des math\`ematiciens scandinaves, tenu
              \`a {H}elsinki 18-23 ao\^ut 1957},
     PAGES = {45--64},
 PUBLISHER = {Mercators Tryckeri, Helsinki},
      YEAR = {1958},
}	


@article{Brun19,
	author = {Brun, V.},
	journal = {Skr. Vidensk.-Selsk. Christiana Math.-Nat. Kl.},
	number = {6},
	pages = {1--29},
	title = {En generalisation av kjedebr{\o}ken {I}},
	year = {1919}}

@article{Brun20,
	author = {Brun, V.},
	journal = {Skr. Vidensk.-Selsk. Christiana Math.-Nat. Kl.},
	number = {6},
	pages = {1--24},
	title = {En generalisation av kjedebr{\o}ken {II}},
	year = {1920}}
	
	
	@article{Lagarias:93,
	author = {Lagarias, J. C.},
	fjournal = {Monatshefte f\"{u}r Mathematik},
	journal = {Monatsh. Math.},
	number = {4},
	pages = {299--328},
	title = {The quality of the {D}iophantine approximations found by the {J}acobi-{P}erron algorithm and related algorithms},
	volume = {115},
	year = {1993}}

@book {Bernstein:71,
    AUTHOR = {Bernstein, L.},
     TITLE = {The {J}acobi-{P}erron algorithm---{I}ts theory and application},
    SERIES = {Lecture Notes in Mathematics, Vol. 207},
 PUBLISHER = {Springer-Verlag, Berlin-New York},
      YEAR = {1971}
}
@article{Heine1868,
author = {Heine, E. and Jacobi, C.G.J.},
journal = {J. Reine Angew. Math.},
keywords = {continued fractions generalized},
pages = {29-64},
title = {{A}llgemeine {T}heorie der kettenbruch{\"{a}}hnlichen {A}lgorithmen, in welchen jede {Z}ahl aus drei vorhergehenden gebildet wird.},
volume = {69},
year = {1868},
}



@book{Schweiger:73,
	author = {Schweiger, F.},
	publisher = {Springer-Verlag, Berlin-New York},
	series = {Lecture Notes in Mathematics, Vol. 334},
	title = {The metrical theory of {J}acobi-{P}erron algorithm},
	year = {1973}}
 
@article{Perron:07,
	author = {Perron, O.},
	fjournal = {Mathematische Annalen},
	journal = {Math. Ann.},
	number = {1},
	pages = {1--76},
	title = {Grundlagen f\"ur eine {T}heorie des {J}acobischen {K}ettenbruchalgorithmus},
	volume = {64},
	year = {1907}}
	
	
	@article{Veech:78,
	author = {Veech, W. A.},
	date-added = {2023-01-23 17:58:15 +0100},
	date-modified = {2023-01-23 17:58:36 +0100},
	doi = {10.1007/BF02790174},
	fjournal = {Journal d'Analyse Math\'{e}matique},
	issn = {0021-7670},
	journal = {J. Analyse Math.},
	mrclass = {28D99 (54H20)},
	pages = {222--272},
	title = {Interval exchange transformations},
	url = {https://doi.org/10.1007/BF02790174},
	volume = {33},
	year = {1978},
	bdsk-url-1 = {https://doi.org/10.1007/BF02790174}}


@article{Renyi:57,
	author = {R{\'e}nyi, A.},
	date-modified = {2024-02-26 10:46:22 +0100},
	doi = {10.1007/BF02020331},
	fjournal = {Acta Mathematica. Academiae Scientiarum Hungaricae},
	issn = {0001-5954,1588-2632},
	journal = {Acta Math. Acad. Sci. Hungar.},
	pages = {477--493},
	title = {Representations for real numbers and their ergodic properties},
	url = {https://doi.org/10.1007/BF02020331},
	volume = {8},
	year = {1957},
	bdsk-url-1 = {https://doi.org/10.1007/BF02020331}}


@article{Waterman1975,
author = {Waterman, M. S.},
journal = {Aequationes mathematicae},
language = {eng},
pages = {263-268},
title = {F-Expansions of rationals},
url = {http://eudml.org/doc/136546},
volume = {13},
year = {1975},
}


@article{BLV:18,
	author = {Berth\'{e}, V. and Lhote, L. and Vall\'{e}e, B.},
	fjournal = {Journal of Symbolic Computation},
	issn = {0747-7171,1095-855X},
	journal = {J. Symbolic Comput.},
	pages = {72--107},
	title = {The {B}run gcd algorithm in high dimensions is almost always subtractive},
	volume = {85},
	year = {2018}}
	
	
	@Inbook{Wen2018,
author="Wen, J.",
editor="Shen, X. and Lin, X.
and Zhang, K.",
title="Lattice Reduction and Its Applications in Wireless Sensors Network",
bookTitle="Encyclopedia of Wireless Networks",
year="2018",
publisher="Springer International Publishing",
address="Cham",
pages="1--4",
isbn="978-3-319-32903-1",
doi="10.1007/978-3-319-32903-1_264-1",
url="https://doi.org/10.1007/978-3-319-32903-1_264-1"
}

@inproceedings{Ro,
	Author = {P. de Rooij},
	Booktitle = {Advances in Cryptology, EUROCRYPT '94 Proceedings},
	Date-Added = {2016-10-07 14:05:12 +0000},
	Date-Modified = {2016-10-07 14:09:04 +0000},
	Pages = {389--399},
	Publisher = {Springer-Verlag},
	Series = {Lecture Notes in Computer Science},
	Title = {Efficient exponentiation using precomputation and vector addition chains},
	Volume = {950},
	Year = {1995}}

@article {PLRD,
    AUTHOR = {Paysant-Le Roux, R. and Dubois, E.},
     TITLE = {Une application des nombres de {P}isot \`a{} l'algorithme de
              {J}acobi-{P}erron},
   JOURNAL = {Monatsh. Math.},
  FJOURNAL = {Monatshefte f\"ur Mathematik},
    VOLUME = {98},
      YEAR = {1984},
    NUMBER = {2},
     PAGES = {145--155},
      ISSN = {0026-9255,1436-5081},
       DOI = {10.1007/BF01637281},
       URL = {https://doi.org/10.1007/BF01637281},
}

@article{DIXON,
title = {The number of steps in the Euclidean algorithm},
journal = {Journal of Number Theory},
volume = {2},
number = {4},
pages = {414-422},
year = {1970},
issn = {0022-314X},
doi = {https://doi.org/10.1016/0022-314X(70)90044-2},
author = {J. D. Dixon},
}
